2102 3015
153 170 254 206 1442
689 160 952 197 ΔΙΑΛΟΓΟΣ
983 161 1102 197 ΠΕΡΙ
1132 161 1327 197 ΨΥΧΗΣ.

150 263 260 299 τοιαδὶ
285 259 379 298 εἶναι·
409 261 457 310 μὴ
484 261 599 300 τοίνυν
619 279 704 331 οπερ
727 266 880 303 κακεῖνος
906 263 975 315 εφη
1001 265 1037 302 ἐν
1054 265 1155 314 ψυχῆ
1181 262 1289 311 μόνον
1307 265 1383 301 τοδι
1408 266 1608 310 σκοπῶμεν,
1629 264 1710 300 ἀλλ’
1730 262 1875 304 ὁπόσοις

151 316 446 368 ὑφισταμένοις,’
432 317 509 355 ε’στι
527 334 560 355 τι
579 318 744 356 ἐναντίον.
777 319 911 368 ὁρῶμεν
930 336 1116 368 τοιγαροῦν
1134 318 1174 356 τὸ
1202 318 1242 355 δε
1262 335 1295 355 τι
1321 317 1370 355 ὅν·
1401 317 1547 356 κάπειτα
1571 317 1810 366 μεταβάλλειν
1829 322 1876 359 εἷς

151 370 296 420 ἑκάτερα
323 375 393 409 τῶν
418 373 541 410 ἑαυτοῦ
569 375 703 410 παθῶν.
736 372 847 412 ὄντων
867 374 1078 412 ὑπεναντίων
1099 373 1299 420 ὑπομενοντ’
1320 372 1361 411 r6
1387 371 1483 411 αὐτό.
1515 374 1572 411 καὶ
1598 373 1695 411 οὐδεν
1721 373 1811 411 κατὰ
1835 373 1876 411 τὸ

152 430 236 464 εἰναι
255 426 408 476 πάσχον.
438 428 506 465 066
527 430 573 468 εἷς
593 427 732 479 φθορὰν
751 428 827 466 τινὰ
846 431 1065 479 ἀποχωροῦν.
1097 427 1179 474 οἷον,
1199 429 1274 466 τοδι
1293 427 1333 466 τὸ
1350 432 1456 476 σῶμα
1475 431 1552 466 σῶν
1571 427 1621 475 ὃν,
1641 429 1678 466 εὖ
1699 428 1830 495 μάλα’
1817 428 1875 479 ε’ῤ-

152 483 274 531 ῥωται·
296 480 337 519 τὸ
357 483 385 520 δ’
405 481 489 521 αὐτὸ
508 487 611 521 τοῦτο
630 484 754 549 ὀλίγον
774 485 922 534 ὕστερον
939 485 1081 521 ὁτουοῦν
1099 486 1170 521 τῶν
1189 500 1374 534 στοιχειων
1394 483 1653 532 κεκρατηκότος,
1673 485 1713 522 οὐ
1732 483 1878 551 σφόδρα

154 538 257 585 ὑγιῶς
277 536 358 587 ἔχει.
391 554 447 575 και
466 537 543 576 ε”στι
561 542 665 576 τοῦτο
685 540 833 588 ὑγιεινοῦ
851 539 887 577 τὲ
905 540 960 576 καὶ
981 538 1158 579 νοσώδους
1176 541 1247 576 τῶν
1265 539 1438 586 ἐναντίων,
1458 539 1494 576 ἐν
1514 539 1616 576 ὡδι”
1594 556 1708 589 εχοντι
1727 539 1878 586 σώματι,

153 608 302 640 γενεσις.
335 592 484 642 λεγομεν
504 593 539 631 δε
559 594 602 631 αὑ
622 593 744 644 ἑτερως
769 593 809 632 τὸ
838 593 878 631 δε
899 611 933 631 τι
956 592 1070 634 πάθος
1094 594 1250 632 ἐναντίον
1269 611 1306 632 εκ
1325 597 1424 632 τοῦδε
1445 594 1531 631 ολου
1551 595 1748 643 γίγνεσθαι.
1777 594 1879 642 ἡνίκα

153 646 261 695 μηδέν
279 664 319 696 γε
337 647 544 696 αἱσθητὸν“
527 666 689 696 υπομενοι
710 652 824 696 σῶμα,
845 650 927 687 ἀλλ’
949 648 1079 698 ἀθρόον
1098 650 1345 698 κατεπείγοιτο,
1366 652 1412 689 εἷς
1431 667 1495 697 την
1514 653 1575 687 τοῦ
1595 650 1750 687 ἐναντίου
1768 654 1879 688 σπεῦ-

153 704 214 740 δον
233 719 384 750 γενεσιν.
416 705 472 741 καὶ
491 721 567 741 εστι
586 707 635 742 τῶ
654 704 718 752 μὲν
736 705 756 751 ἡ
777 707 823 744 εἷς
841 703 882 741 τὸ
901 702 986 742 εἶναι
1006 703 1099 749 ὁδὸς,
1120 721 1270 753 γενεσις,
1292 708 1341 742 τῶ
1360 704 1395 742 δὲ
1415 705 1458 742 αὖ
1478 703 1606 755 φθορά.
1626 704 1722 772 λέγω
1741 703 1822 752 δὴ”’
1804 722 1834 752 ο,
1845 721 1879 742 τι

153 758 190 795 ἐκ
220 760 285 806 γῆς
304 758 367 805 μὲν
385 758 618 806 μεταβάλλοι·
651 762 696 799 εἰς
713 764 784 809 πῦρ
804 759 839 797 δὲ
859 760 1002 810 χωροίη·
1025 758 1045 807 ἦ
1065 760 1102 797 ἐκ
1121 761 1228 807 γονῆς
1247 763 1293 799 εὶς
1313 759 1399 808 αἷμα
1417 764 1520 798 τοῦτο
1540 759 1581 798 δε
1595 777 1636 809 γε
1656 759 1756 798 ε”σται
1775 761 1875 798 ἐναν-

153 838 225 877 τιώ.
256 837 430 886 ἀλλήλοις
459 839 678 887 διακειμενων
698 841 797 876 εἱδῶν
815 856 853 876 τε
873 841 929 877 καὶ
949 856 1127 887 σωματων
1146 856 1292 888 γενεσις.
1321 844 1384 877 τοῦ
1403 843 1531 888 θνητοῦ
1550 840 1610 878 οῦν
1629 857 1685 878 και
1704 839 1880 879 ἀθανατου

153 895 309 932 παθῶν’
296 893 406 932 όντων
426 895 590 932 ἐναντίων
612 896 654 942 τῆ
681 897 783 945 ψυχῇ
812 897 858 934 εἰς
887 893 1033 942 ἄλληλά
1061 911 1098 932 τε
1126 894 1433 945 μεταχωρούντων,
1453 897 1481 932 εὶ
1507 894 1570 942 μὲν
1594 895 1718 943 ἐπίσης
1747 896 1880 947 ἀμφοῖν

155 948 325 995 ὑπομενει,
351 949 371 997 ἡ
400 948 512 1001 ψυχὴ,
538 950 629 987 τοῦτ’
651 949 807 997 ἔνδηλον,
834 967 890 987 και
920 950 1052 987 ὁτωοῦν
1079 967 1247 999 γιγνεται.
1281 967 1333 987 οτι
1361 950 1460 988 οῦδεν
1478 967 1511 987 τι
1539 953 1680 997 μᾶλλον
1705 950 1791 998 αὐτῆ
1817 955 1880 988 τοῦ

155 1003 366 1042 ἀθανάτου’
349 1022 370 1052 η
390 1009 452 1042 τοῦ
472 1007 599 1052 θνητοῦ
618 1004 801 1053 προσήκει.
833 1005 916 1042 ἀλλ’
933 1005 1060 1070 ὁμοιως
1079 1006 1176 1042 ἐστιν
1195 1005 1453 1056 ἐνδείξασθαι’
1436 1022 1488 1043 οτι
1507 1004 1678 1071 ἑκατέροις
1698 1007 1751 1043 δεῖ
1765 1022 1880 1055 προσ-

155 1076 343 1109 αγορΕΠΕιν.
376 1059 492 1107 Επείδη
512 1077 582 1109 ’γαρ
603 1077 621 1097 0
642 1077 767 1110 ΧρΟΙΙΟς
793 1077 870 1100 LU'OS'
897 1060 1072 1098 ὑΤΓΟΚΕίΤαι
1097 1077 1174 1098 Tali!
1192 1077 1377 1110 γΕῘΙΕΟἜΟίν,
1399 1077 1455 1098 Καί
1473 1059 1551 1098 ΤΟδΕ
1571 1077 1635 1108 μεν
1653 1077 1690 1098 ΕΚ
1710 1062 1819 1106 ΤΟῦδΕ,
1839 1078 1879 1099 ΤΟ
1891 1068 1942 1116 46

155 1113 191 1152 δὲ
218 1115 261 1152 αὖ
286 1115 370 1166 ε”ξ
354 1115 491 1160 εκείνου,
518 1132 607 1152 κατα
632 1119 804 1153 τοσοῦτον
832 1132 900 1165 αρα
928 1115 1028 1153 ε”σται
1056 1114 1186 1163 θνητὴν
1212 1115 1340 1163 ἀληθὲς
1371 1116 1568 1165 ὁμολογεῖν,
1594 1114 1733 1153 ὁπόσαν
1755 1115 1802 1162 (F
1805 1122 1879 1155 ort

157 1169 251 1209 ὅπως
272 1168 332 1220 ἂν)
355 1187 410 1207 και
430 1187 492 1207 του
511 1171 666 1208 εναντίου
684 1170 833 1236 μεθέξει·
864 1188 920 1208 και
940 1172 1030 1208 οὕτω
1050 1170 1126 1219 δὴ
1112 1188 1130 1208 ο
1150 1169 1257 1211 καλὸς
1276 1171 1376 1211 οὗτος
1396 1170 1514 1220 λογος
1532 1171 1590 1237 ὑφ
1611 1172 1716 1209 αὑτοῦ
1735 1188 1879 1219 συμπο-

156 1226 297 1267 δισθεις
317 1242 378 1262 ουκ
404 1224 446 1262 ἂν
466 1224 534 1265 οἷος
561 1242 581 1263 τ
612 1225 632 1274 ἡ
659 1243 699 1263 το
726 1225 852 1263 λοιπὸν
871 1227 981 1264 ἑαυτῶ
1011 1225 1207 1274 ἐπαμύνειν·
1240 1229 1266 1264 εἶ
1293 1226 1329 1264 δε
1356 1225 1521 1274 μηδόλως
1551 1226 1709 1274 ὑπομένει
1740 1227 1821 1264 ἀλλ’
1842 1226 1885 1278 ἐξ

157 1279 366 1318 ἀθανατου
352 1297 476 1318 απασα
496 1283 542 1320 εἷς
562 1280 728 1328 θνητ77ν’
710 1298 840 1327 απεισι,
861 1286 964 1319 τοῦτο
984 1281 1019 1319 δὲ
1041 1283 1160 1333 ψυχης
1179 1281 1243 1329 μὲν
1262 1281 1439 1320 ἀθανάτου
1457 1283 1534 1319 ἐστι
1554 1280 1725 1332 φθορα,
1709 1299 1826 1331 ετερου
1846 1282 1887 1320 δέ

157 1352 248 1374 τινος
276 1338 404 1384 θνητοῦ
431 1353 577 1402 γενεσις,
597 1335 680 1379 οἱον,
700 1353 851 1385 κεραμου
872 1339 925 1374 δεῖ
947 1336 1016 1386 γάρ
1035 1354 1067 1374 τι
1094 1337 1257 1386 γενέσθαι
1283 1354 1319 1374 εκ
1339 1336 1401 1385 μὲν
1421 1354 1612 1384 ασωματου
1631 1336 1724 1385 λέγω
1745 1336 1786 1385 δὴ
1805 1339 1879 1388 ψυ-

157 1392 232 1440 χῆς,
253 1390 360 1438 σῶμα
378 1408 410 1428 τι
430 1390 482 1428 ὸν
514 1390 641 1439 θνητον
660 1391 695 1429 δὲ
715 1392 757 1443 ἐξ
773 1391 961 1430 αθανάτου·
993 1391 1108 1440 ἐπειδή
1128 1409 1169 1441 γε
1188 1391 1282 1430 ἅπαν
1300 1392 1501 1430 τοιίναντιον
1520 1392 1598 1444 ε”ξ
1581 1393 1736 1430 εναντίου
1759 1409 1883 1442 πρεπει

157 1445 354 1494 γι’.γνεσθαι
386 1445 479 1483 ὥστε
500 1447 539 1484 οὑ
558 1446 659 1498 ψυχη
685 1448 722 1484 ἐκ
741 1449 901 1515 ψυχης’
887 1447 987 1485 ε’σται
1013 1449 1069 1485 καὶ
1095 1447 1135 1485 τὸ
1162 1447 1264 1497 ζῶν’
1248 1465 1285 1485 εκ
1304 1451 1502 1487 τεθνεῶτος·
1535 1446 1632 1485 ἀλλὰ
1658 1446 1752 1486 7roA6
1772 1447 1883 1496 δήπου

159 1504 301 1547 μᾶλλον
318 1502 427 1541 λίθος.
456 1519 504 1539 ετι
524 1505 551 1540 εἰ
571 1520 619 1550 μη
639 1502 689 1551 είη
709 1503 759 1540 αἐι
779 1501 819 1540 r6
839 1502 1047 1541 ἀθανατον
1030 1520 1066 1541 εν
1085 1505 1197 1554 ψυχὴ,
1217 1501 1290 1540 οἶόν
1309 1520 1341 1540 τι
1360 1502 1548 1552 ἀγεννητον
1568 1520 1623 1540 και
1641 1502 1720 1551 μήτ’
1741 1504 1777 1541 ἐκ
1796 1505 1880 1551 θνη-

157 1560 229 1602 τοῦ,
249 1556 326 1604 μήτ’
344 1556 386 1608 εξ
403 1556 518 1595 αλλου
537 1556 674 1597 οὐδενος
693 1559 859 1607 γίγνοιτο,
879 1557 976 1596 ἀλλὰ
995 1562 1137 1606 μᾶλλον
1156 1557 1249 1598 τινὸς
1268 1559 1431 1609 ἀφορμης
1449 1560 1508 1603 δεῖ,
1523 1575 1569 1598 εις
1588 1557 1628 1595 r6
1647 1557 1823 1596 τοιάνδε”
1800 1574 1881 1595 εσε-

159 1614 255 1657 σθαι,
276 1612 408 1660 οὐδαμη
435 1611 543 1660 αὐτὴν
562 1612 681 1661 ὀνήσει
707 1613 727 1680 77
746 1616 817 1651 τῶν
835 1614 999 1651 ἐναντίων
1019 1631 1164 1663 γεν.εσις
1195 1614 1234 1651 06
1260 1612 1296 1651 δε
1323 1613 1392 1663 γὰρ
1418 1615 1436 1651 ὁ
1461 1617 1531 1651 τῶν
1550 1630 1745 1664 σχηματων
1763 1612 1800 1650 τὲ
1828 1630 1884 1651 και

159 1669 283 1704 παθῶν
303 1667 410 1716 λόγος
430 1668 540 1705 ἀιδιον
558 1685 622 1716 την
641 1669 766 1706 οὐσίαν
784 1672 855 1706 τῶν
869 1673 979 1707 ταῦτα
998 1668 1193 1720 δεχομένων
1211 1669 1396 1707 δεικνῦσιν·
1418 1670 1489 1707 ἐπει
1496 1687 1529 1745 177
1547 1672 1608 1706 τοῦ
1625 1672 1759 1718 χαλκοῦ
1775 1667 1884 1719 φύσις

160 1722 359 1771 ἀνώλεθρος
388 1721 431 1760 ἂν
459 1721 512 1770 ἦν.
545 1740 614 1772 ειγε
640 1741 717 1761 τοτε
743 1723 806 1771 μὲν
826 1725 924 1761 ἐστιν
943 1724 1093 1774 ἀνδριὰς,
1114 1725 1220 1762 ἐνίοτε
1247 1724 1282 1762 δε
1309 1725 1351 1761 αὑ
1377 1723 1521 1775 χύτρα18
1525 1756 1531 1762 .
1562 1725 1643 1761 ἀλλ
1665 1723 1800 1761 οὐδὲν
1781 1729 1885 1772 ἡττον

160 1779 196 1814 ἐν
213 1777 347 1826 ολεθρω
367 1782 438 1818 τοῖς
463 1779 588 1818 ἄλλοις
614 1780 739 1826 ὁμοίως
766 1780 937 1830 φαινεται.
970 1780 1051 1818 ἄνευ
1078 1779 1113 1818 δε
1139 1779 1281 1826 τούτων,
1302 1780 1370 1817 066'
1392 1780 1504 1828 ορθῶς
1522 1780 1620 1816 ἐστιν
1639 1781 1744 1816 εἰπεῖν
1764 1778 1816 1816 ὅτι
1836 1780 1889 1816 δεῖ

161 1832 239 1872 τοὺς
266 1832 456 1874 τεθνεώτας
483 1835 519 1871 ἐκ
545 1838 616 1871 τῶν
640 1834 777 1884 ζώντων
803 1838 898 1872 εἶναι·
929 1834 1050 1884 ὤσπερ
1077 1836 1114 1873 ἐκ
1138 1838 1208 1872 τῶν
1227 1834 1425 1872 τεθνεώτων
1442 1833 1521 1873 τοὺς
1549 1833 1691 1883 ζῶντας·
1722 1851 1778 1871 και
1804 1833 1884 1882 μήδ’

162 1888 300 1934 ἡντιοῦν
318 1887 559 1938 παραλλαγην
576 1889 638 1929 τὰς
664 1889 817 1938 γενέσεις
837 1890 961 1940 ἴσχειν.
994 1892 1030 1928 ἐκ
1049 1908 1112 1938 μεν
1132 1907 1201 1939 γαρ
1221 1888 1396 1927 ἀθανάτου
1421 1888 1461 1926 τὸ
1488 1891 1534 1928 εἰς
1560 1888 1712 1926 θάνατον
1730 1905 1882 1936 μεταπε-

162 1945 238 1979 σεῖν
258 1943 387 1983 οἰκείως
415 1945 502 1982 ἐστί.
540 1946 597 1982 καὶ
625 1944 713 1982 κατὰ
740 1945 851 1996 φύσιν
870 1944 933 1992 τὴν
952 1945 1091 1994 γε’νεσιν
1116 1945 1330 1994 ὁρμήσασαν
1356 1946 1527 1994 χωρῆσαι.
1557 1944 1593 1981 ἐκ
1621 1943 1657 1981 δὲ
1686 1947 1814 1992 θνητοῦ
1841 1947 1888 1984 εἷς

164 1996 347 2041 ἀθάνατον,
368 1999 407 2036 οὐ
426 1999 530 2037 πάνυ.
563 2000 583 2046 ἡ
603 1999 666 2047 μὲν
685 1999 755 2065 γὰρ
774 2001 952 2038 ἀθανασία
979 1999 1068 2041 εἶδος
1092 2004 1234 2047 μᾶλλον
1253 2000 1296 2037 ἄν
1314 2016 1347 2036 τι
1372 1999 1431 2047 εἴη’
1462 2001 1519 2036 καὶ
1544 1998 1665 2048 ὥσπερ
1691 1999 1723 2036 εἴ
1745 2016 1796 2040 τις
1824 2017 1888 2050 χα-

163 2069 296 2101 ρακτηρ
316 2070 371 2090 και
391 2053 499 2102 λόγος
518 2072 579 2092 του
599 2054 683 2092 εἶναι
702 2072 766 2103 την
785 2055 918 2106 ψυχήν·
948 2056 968 2103 ἡ
989 2054 1157 2104 θνητότης
1176 2054 1223 2101 δε,
1243 2057 1270 2092 εἰ
1291 2053 1365 2102 617’
1352 2071 1451 2091 εσται
1471 2071 1506 2091 εν
1526 2056 1638 2106 ψυχη,
1658 2053 1826 2104 στέρησις
1846 2054 1889 2092 ἂν

165 2107 360 2147 ἀθανασιας
379 2108 441 2156 εἰη·
472 2109 626 2160 διαφέρει
645 2127 763 2157 μεντοι
784 2114 956 2148 πλεῖστον
975 2110 1015 2148 τὸ
1034 2111 1076 2162 ἐξ
1093 2108 1235 2150 ε’ίδους
1221 2128 1241 2158 η
1262 2108 1463 2158 στερήσεώς
1488 2127 1520 2147 τι
1547 2110 1746 2177 γίγνεσθαι·
1777 2111 1824 2150 ὡς
1847 2109 1888 2147 τὸ

165 2180 229 2209 μεν
256 2160 338 2199 εἰναι
365 2163 562 2231 γιγνεσθαι·
595 2164 634 2202 τὸ
659 2165 741 2211 δε,’
725 2165 828 2214 εγγύς
853 2183 907 2203 τοι
932 2183 1053 2203 τεινειν
1076 2169 1138 2203 τοῦ
1163 2163 1399 2202 ἀπολωλεναι·
1431 2163 1517 2202 ὥσθ’
1540 2165 1560 2212 77
1585 2164 1649 2212 μὲν
1668 2181 1714 2204 εις
1738 2163 1889 2203 θάνατον

167 2217 255 2261 ὁδὸς,
276 2217 461 2267 οἰκειοτέρα
480 2236 516 2256 τε
537 2236 591 2257 και
612 2237 700 2257 κατα
720 2221 832 2271 φύσιν
849 2238 891 2268 τη
912 2222 1047 2286 ψυχ77’
1033 2235 1144 2258 εσται·
1178 2237 1205 2257 ει
1232 2220 1259 2257 6
1282 2237 1317 2257 εκ
1338 2219 1489 2258 θανάτου
1508 2237 1554 2260 εις
1573 2219 1695 2269 ζωὴν”
1682 2237 1725 2268 ιη,
1744 2221 1781 2257 ἐκ
1800 2237 1886 2258 στε-

166 2272 303 2321 ρήσεως
322 2290 378 2310 και
398 2274 633 2322 ἐλλειπούσης
652 2275 745 2315 τινὸς
764 2289 943 2324 γενεσεως·
973 2276 1038 2326 οὑχ
1057 2276 1180 2315 ἁπλῶς
1200 2274 1264 2312 δε]
1254 2291 1332 2324 περι
1351 2279 1421 2313 τῶν
1441 2274 1613 2323 ἀλλήλοις
1634 2275 1798 2313 ἐναντιων
1817 2277 1890 2313 δια-

168 2330 322 2365 νοεῖσθαι
342 2326 368 2365 ὦ
388 2327 561 2376 τιμόκλεις
581 2329 661 2379 χρή.
693 2331 774 2367 αλλ’
797 2330 877 2370 εἴτις
896 2330 1045 2377 δύναιτο,
1066 2348 1121 2368 και
1140 2347 1323 2379 περιεργον
1342 2331 1535 2375 ἐπιβαλεῖν.
1568 2329 1662 2379 λεγω
1681 2329 1761 2378 677⁰
1744 2347 1796 2367 οτι
1815 2329 1887 2368 οἷό-

167 2385 257 2430 μεθα
276 2382 316 2420 τὸ
337 2383 487 2433 αἰσχρὸν
506 2387 554 2421 τῶ
575 2388 672 2421 καλῶ
698 2385 862 2429 ἐναντίον,
883 2402 939 2422 και
966 2386 1100 2433 ὑγιεινῶ
1130 2387 1293 2425 νοσῶδες·
1326 2403 1381 2423 και
1406 2386 1505 2435 ἕτερα
1533 2384 1660 2434 ἑτεροις
1689 2402 1786 2425 οσοις
1814 2386 1890 2423 ἐστι

168 2437 303 2476 τοιοῦτό
323 2455 368 2476 τι.
399 2456 456 2476 και
475 2456 539 2486 την
554 2455 696 2507 γενεσιν
717 2440 831 2477 αὐτῶν
851 2438 935 2477 εἰναι
955 2440 996 2491 ἐξ
1012 2439 1194 2487 ἀλλήλων·
1219 2439 1367 2490 πότερον
1387 2439 1470 2478 αὐτὸ
1490 2440 1576 2489 ὅπερ
1595 2441 1692 2478 ἐστιν
1711 2439 1792 2486 οῖον,
1812 2445 1891 2478 λευ-

169 2492 230 2530 κὸν
250 2493 358 2531 αἴτιον
378 2493 524 2543 θατερου
544 2495 624 2532 ἄνευ
643 2494 759 2541 μέντοι
779 2494 993 2540 ηστινοσοῦν
1012 2494 1188 2542 σωμάτων
1207 2496 1335 2546 χώρας·
1368 2495 1388 2544 ἦ
1410 2496 1478 2533 066
1500 2496 1682 2543 επινοῆσαι
1702 2495 1742 2533 τὸ
1760 2494 1891 2533 τοιόνδε

204 2615 229 2637 ¹5
247 2618 310 2644 Hoc
325 2619 486 2655 exemplum
503 2619 537 2645 ab
550 2619 703 2646 Aristotele
718 2619 881 2655 Metaphys.
891 2619 971 2646 VIII.
985 2627 1009 2653 7.
1051 2620 1146 2647 locum
1170 2630 1196 2657 p.
1218 2629 1280 2657 173.
1297 2621 1329 2648 B.
1374 2620 1419 2647 Ad
1443 2626 1643 2658 argumentum
1665 2619 1700 2647 cf.
1724 2619 1891 2647 Antithetic.

170 2665 337 2693 usurpatum
354 2659 489 2695 deinceps
504 2659 641 2686 adhibent
655 2660 826 2695 philosophi,
843 2660 872 2686 in
888 2660 930 2687 his
947 2660 1010 2686 Plo·
1053 2670 1116 2697 cap.
1132 2669 1160 2696 3.

171 2698 247 2724 tinus
264 2705 293 2725 ut
310 2699 382 2726 Eun.
396 2699 434 2727 II.
451 2700 498 2727 lib.
510 2699 545 2727 V.
562 2709 624 2736 cap.
642 2709 663 2726 1.
704 2700 769 2727 vid.
786 2706 884 2728 annot.
900 2700 929 2727 in
946 2709 1011 2727 eum
