2102 3015
312 484 709 525 ΝΑΘΑΝΑΗΛ
755 486 888 527 TOT
936 486 1278 528 MONAXO‘I·
1326 488 1820 529 ΑΝΤΙΘΕΤΙΚΟΣ

475 632 678 691 ΠΡΟΣ
712 636 1117 689 ΠΛΩΤΙΝΟΝ
1152 637 1327 690 ΠΕΡΙ
1361 634 1658 693 ΨὙΧΗΣ·ὅ

206 935 579 990 ΑΝΤΙΘΕΤΙΚΟΣ
605 948 693 1000 πρὸς
713 952 899 987 Πλωτΐνον
925 948 1035 999 (Vat.
1055 951 1129 986 Τοῦ
1157 950 1369 1015 σοφωτάτου
1395 952 1449 990 ἐπὶ
1475 956 1536 989 τοῦ
1558 952 1765 989 Κανικλείου
1783 952 1919 990 ’.Αντιθ

202 1022 261 1055 πρ.
276 1009 350 1044 Πλ.
371 1006 419 1045 cf
434 1006 605 1044 Prooem.
610 1011 622 1055 )
645 1022 696 1043 οτι
716 1004 800 1052 μήτε
820 1007 890 1042 τῶν
908 1002 1084 1051 σωμάτων
1103 1004 1396 1056 προυπαρχουσιν
1415 1009 1450 1044 αἱ
1468 1008 1593 1058 ψυχαὶ,
1612 1005 1698 1054 μήτε
1717 1006 1760 1057 ἐξ
1776 1006 1921 1056 ἑτέρωνὺ

206 1061 298 1109 (μήτ
319 1062 432 1099 αὐτῶν
451 1060 549 1099 Cod.
571 1060 677 1112 Vat.)
699 1063 964 1110 μεταχωροῦσιν
992 1061 1038 1099 εἰς
1067 1059 1174 1108 ἕτερα,
1196 1061 1276 1098 ἀλλ’
1298 1062 1367 1099 οὐδ’
1389 1063 1425 1099 ἐν
1449 1065 1520 1101 τοῖς
1544 1061 1687 1110 ἀλόγοις
1711 1061 1788 1099 ε”στι
1810 1062 1922 1109 (ἐστὶν

204 1115 312 1168 Vat.)
335 1120 422 1162 νοῦς,
439 1116 508 1153 οὐδ’
525 1116 565 1153 οὐ
583 1115 716 1163 μήποτε
735 1114 881 1163 γένοιτο.
912 1117 1066 1154 πολλαῖς
1082 1113 1117 1151 δὲ
1138 1116 1194 1152 καὶ
1213 1119 1287 1156 ταῖς
1307 1117 1507 1168 ἀποδείξεσι
1528 1117 1690 1167 κέχρηται
1709 1115 1797 1166 πρὸς
1815 1117 1921 1154 ἐκεῖνο

206 1171 308 1221 (πρὸς
337 1171 430 1209 ἐκεῖν’
452 1171 576 1222 Vatf)
603 1172 776 1216 ἀπαντῶν,
795 1169 835 1208 τὸ
864 1169 926 1210 τὰς
954 1169 1148 1217 ἐπιστήμας
1174 1171 1385 1219 ἀναμνήσεις
1413 1171 1509 1210 εἶναι·
1542 1172 1583 1224 ἐξ
1610 1172 1649 1209 οὗ
1678 1171 1719 1219 δὴ
1749 1170 1923 1220 δόγματος

203 1227 296 1279 αὐτῷ
314 1230 363 1278 τῷ
382 1227 555 1278 Πλωτίνῳ
576 1227 630 1263 καὶ
647 1224 716 1275 πρὸ
742 1226 847 1263 αὑτοῦ
868 1224 1036 1263 Πλάτωνι
1055 1225 1330 1264 κατεσκεύασται
1349 1226 1418 1277 πρὸ
1437 1231 1507 1265 τῶν
1526 1226 1702 1275 σωμάτων
1721 1226 1783 1267 τὰς
1802 1226 1922 1277 ψυχὰς

203 1279 298 1319 εἶναι·
331 1283 386 1319 καὶ
410 1283 489 1331 περὶ
513 1281 682 1330 ε’γέρσεως
700 1280 876 1328 σωμάτων
895 1280 1091 1318 τεθνεώτων
1110 1280 1319 1330 ἀγωνίζεται,
1339 1284 1395 1320 καὶ
1414 1283 1566 1321 δείκνυσι
1585 1282 1715 1330 ταύτην
1733 1281 1861 1322 ἄλλαις
1880 1281 1922 1330 δὴ

203 1336 379 1386 ἀνάγκαις·
412 1338 471 1374 καί
496 1337 527 1385 γ’
549 1336 591 1388 ἐξ
617 1336 730 1374 αὐτῶν
755 1339 825 1373 τῶν
847 1339 909 1373 τοῦ
930 1334 1123 1375 Πλάτωνος
1150 1338 1226 1385 περὶ
1253 1341 1314 1375 τοῦ
1336 1339 1412 1383 (τοῦ
1436 1338 1571 1377 omisit
1593 1337 1701 1388 Vat.)
1722 1336 1784 1377 τὰς
1803 1336 1923 1388 ψυχὰς

202 1392 488 1437 ἀναβιώσκεσθαι
520 1391 799 1438 (ἀναβιώσεσθαι
821 1391 963 1441 Vind.)
993 1391 1125 1429 θέσεων
1144 1393 1199 1429 καὶ
1229 1392 1430 1431 ἀπόλαυσιν
1459 1394 1631 1431 δείκνυσιν
1660 1392 1729 1430 ἀεὶά
1749 1391 1923 1440 μενόντων

201 1447 343 1496 ἀγαθῶν
362 1448 418 1485 καὶ
438 1445 588 1485 κόλασιν
606 1449 734 1498 ψυχῶν
754 1447 840 1494 ὁμοῦ
862 1449 914 1493 (τε
934 1446 1027 1486 add.
1046 1446 1082 1484 V
1086 1450 1154 1497 at.)
1176 1448 1231 1484 καὶ
1251 1447 1427 1495 σωμάτων
1446 1448 1616 1497 μηδέποτε
1636 1448 1830 1496 λήγουσαν.

257 1704 290 1724 α.
317 1670 469 1726 ΕΜΟΙ
499 1687 539 1726 τὸ
567 1687 681 1737 παρὸν
709 1687 937 1735 σπουδασμα,
963 1687 1051 1737 πρὸς
1072 1690 1258 1726 Πλωτῖνον
1287 1706 1342 1726 και
1371 1688 1450 1728 τοῦς
1478 1689 1605 1726 ἐκεινου
1632 1705 1710 1736 περι
1739 1687 1921 1737 ἀφθάρτου

203 1744 322 1792 ψυχης
341 1742 480 1791 λόγους.
512 1745 568 1781 καὶ
586 1742 660 1809 γὰρ
687 1760 739 1780 οτι
767 1742 830 1790 μὲν
849 1743 867 1780 ὁ
895 1744 931 1780 ἐν
950 1743 1031 1790 ημῖν
1051 1748 1129 1783 νοῦς
1149 1745 1294 1791 ἁπλοῦς,
1314 1761 1369 1782 και
1398 1743 1598 1789 ἀσύνθετος,
1618 1760 1673 1780 και
1702 1743 1778 1780 καθ’
1800 1742 1921 1781 ἑαυτὸν

204 1796 374 1847 ὑφεστὼς,
395 1815 449 1836 και
470 1797 592 1848 ζωὴν’
576 1816 612 1836 εν
630 1800 739 1836 ἑαυτῶ
759 1798 856 1848 ἔχων,
877 1815 932 1835 και
962 1815 1001 1846 γε
1031 1800 1194 1848 κρείττων
1221 1798 1341 1846 πάσης
1361 1802 1494 1850 φθορᾶς
1520 1816 1576 1836 και
1605 1815 1736 1838 παντος
1762 1797 1919 1846 ὀλεθρου,

204 1856 306 1890 τοῦτο
331 1854 474 1905 κάκείνῳ
497 1855 552 1891 καὶ
579 1856 621 1904 τῇ
648 1837 794 1905 ἀληθείᾳ
814 1855 916 1900 κάμοὶ
945 1855 1045 1900 δοκεῖ,
1066 1855 1121 1891 καὶ
1141 1853 1220 1894 εἴτις
1239 1854 1352 1903 ἕτερος
1372 1855 1482 1903 ὀρθῶς
1500 1853 1667 1899 βούλοιτο
1687 1856 1843 1899 σκοπεῖν,
1863 1853 1923 1891 καί

204 1923 243 1955 γε
271 1906 358 1956 πρὸς
381 1911 452 1946 πᾶν
479 1908 650 1956 δήπουθεν
673 1908 771 1949 εὐθὺς
796 1911 887 1946 θεῖτο
896 1908 916 1953 ¹,
936 1907 1017 1957 τόγε
1041 1909 1128 1958 πρὸς
1151 1913 1253 1947 τοῦτο
1279 1909 1397 1960 φέρον,
1417 1910 1471 1946 καὶ
1500 1912 1572 1948 τοῖς
1593 1909 1780 1946 Πλωτίνου
1799 1908 1920 1957 λόγοις

205 1965 320 2002 καλῶς
339 1964 634 2012 ἀποδεδειγμένον.
663 1967 737 2004 πῶς
756 1963 825 2013 γὰρ
845 1962 905 2001 ἂνρ
925 1965 981 2001 καὶ
1001 1964 1050 2011 εἴη
1070 1965 1105 2002 ἐκ
1125 1964 1322 2003 συνθέσεως
1338 1968 1425 2008 νοῦς,
1442 1965 1497 2001 καὶ
1516 1965 1552 2001 ἐκ
1572 1964 1675 2001 τίνων
1694 1966 1809 2012 μερῶν
1827 1980 1914 2001 συν-

204 2015 346 2062 ιόντωνς
377 2020 403 2055 εὶ
432 2017 495 2065 μὲν
523 2018 592 2069 γὰρ
620 2019 662 2071 ἐξ
687 2017 734 2056 ῶν
761 2018 893 2057 mimas
921 2020 991 2062 (καὶ
1021 2018 1064 2056 τὰ
1092 2018 1200 2057 λοιπὰ
1228 2018 1343 2057 πάντα
1368 2018 1412 2056 τὰ
1437 2020 1473 2056 ἐν
1492 2036 1530 2056 σ.
1550 2019 1660 2069 Vat.)
1683 2019 1718 2056 ἐν
1743 2018 1917 2064 συνθέσει,

205 2072 330 2109 ἁπλῶν
353 2071 462 2110 ὄντων
485 2073 661 2121 σωμάτων
687 2076 741 2112 καὶ
764 2073 922 2123 πρώτων,
943 2075 1024 2112 ἀλλ’
1045 2073 1164 2112 οὐθένὲ
1187 2073 1317 2111 τούτων
1337 2077 1415 2111 νοεῖ.
1448 2075 1484 2111 εκ
1504 2078 1589 2122 γοῦν
1608 2073 1765 2121 ἀνοήτων
1782 2076 1857 2113 πῶς
1876 2072 1919 2111 ἂν

204 2127 259 2164 καὶ
282 2128 411 2178 (abest
431 2142 453 2166 a
476 2128 588 2179 Vat.)
610 2129 743 2178 ye'votro
763 2134 851 2171 νοῦς,
872 2127 892 2176 ἦ
912 2132 986 2169 πῶς
1005 2128 1048 2166 ἂν
1066 2127 1114 2166 ὧν
1136 2132 1244 2166 ταῦτα
1273 2129 1405 2176 οὐδαμῆ
1435 2130 1592 2176 οὐδαμῶς
1616 2128 1823 2179 ἐφικνεῖται2
1848 2132 1918 2166 τῶν

204 2185 336 2229 νοητῶν
355 2182 448 2230 λέγω
473 2185 528 2220 καὶ
556 2184 640 2233 ὑπὲρ
659 2188 778 2230 ταῦτα,
798 2184 896 2225 οὗτος
916 2184 958 2235 ἐξ
979 2185 1092 2221 αὐτῶν
1111 2184 1346 2232 γεγενημένος,
1366 2184 1547 2235 ἐφικέσθαι
1567 2183 1610 2222 ἂν
1629 2184 1808 2232 δυνηθείης
1839 2186 1866 2221 εἶ
1886 2184 1914 2221 δ’

203 2237 326 2275 ἄλλων
344 2241 447 2275 τινῶν
465 2237 561 2287 παρὰ
590 2243 697 2276 ταῦτα
726 2239 902 2286 σωμάτων
921 2238 1209 2285 συμπλακέντων,
1230 2239 1326 2288 ζῶσα
1351 2241 1406 2277 καὶ
1436 2244 1566 2277 νοοῦσα
1585 2238 1686 2291 ψυχὴ
1705 2238 1871 2286 συνέστη,
1890 2241 1917 2276 εὶ

1079 2369 1119 2395 Ex
1146 2369 1340 2396 Demosthene
1366 2369 1476 2397 adver&
1499 2370 1634 2396 Aristocr.
1660 2378 1687 2405 p.
1706 2369 1773 2403 664.
1798 2368 1915 2396 laudant

1078 2409 1282 2437 Grammatici:
1307 2412 1370 2444 πρός
1389 2411 1418 2435 τὸ
1439 2412 1518 2436 καλῶς
1534 2411 1593 2444 ἕχον
1607 2410 1731 2436 τίθεσθαι.
1774 2409 1915 2442 Quocirca

1076 2449 1117 2476 nil
1132 2451 1248 2476 mutavi.
1292 2451 1360 2477 Cod.
1379 2451 1439 2477 Par.
1455 2456 1486 2477 ut
1501 2450 1566 2477 Vat-

1117 2494 1128 2508 e
1150 2490 1210 2517 Par.
1235 2500 1300 2517 cum
1324 2491 1391 2518 Vat.
1414 2492 1462 2525 γὰρ
1483 2491 1521 2517 ἄν.

236 2372 249 2387 ²¹
265 2367 393 2395 Contulit
409 2368 436 2394 in
450 2374 576 2395 nostram
591 2369 709 2405 gratiam
723 2379 787 2396 cnm
803 2370 856 2396 hnc
867 2370 938 2397 libro
951 2369 1035 2396 Codi-

203 2417 265 2435 cem
282 2408 437 2435 Parisinum
456 2416 539 2444 2105.
556 2419 583 2444 p.
596 2417 642 2443 31,
658 2418 682 2435 2.
694 2419 753 2445 sqq.
783 2410 984 2437 Boissonadius
1000 2409 1034 2436 V.

203 2448 244 2475 Cl.
261 2450 340 2486 cujus
354 2448 492 2475 lectiones
514 2449 633 2485 margini
649 2449 828 2485 subjecimus.
871 2450 1034 2485 Inscriptio-

201 2498 267 2515 nem
283 2498 341 2515 non
356 2489 442 2516 habet
456 2489 576 2516 libellus.
610 2488 665 2516 Sed
682 2490 710 2516 in
726 2489 819 2516 indice
834 2490 970 2527 generali,
987 2490 1035 2526 qui
1569 2490 1591 2516 Α
1614 2489 1738 2516 Vindobv
1762 2489 1842 2516 abest
1867 2498 1912 2516 ex-

203 2529 301 2556 COdiCi
324 2529 454 2565 praeflxus
478 2535 530 2559 est,
553 2529 672 2566 legitur:
703 2530 837 2562 Ναθαναὴλ
857 2533 969 2564 μοναχοῦ
991 2532 1036 2556 τοῦ

202 2571 240 2595 καὶ
255 2569 369 2603 Χοῦμνου
385 2591 390 2595 .
408 2590 414 2596 .
431 2590 437 2596 .
455 2591 461 2596 .
477 2570 629 2596 ‹ivnon-mbr
642 2571 705 2604 πρὸς
718 2572 857 2596 Πλωτῖνον.

241 2608 255 2628 b
279 2610 349 2637 cod.
365 2610 426 2636 Par.
442 2609 498 2643 μητ’
512 2611 594 2636 αὐτῶν
608 2611 635 2644 ἐξ
650 2612 686 2637 ἑτ.
703 2616 733 2637 ut
748 2610 814 2637 Vnt.

240 2655 252 2669 ‘⁸
274 2650 309 2676 Et
324 2650 365 2677 ita
376 2650 437 2677 Par.

240 2688 254 2708 d
269 2690 338 2717 Cod.
356 2691 416 2717 Par.
432 2690 486 2716 αἰεί.
528 2690 600 2717 Mox
616 2690 691 2717 idem
707 2699 770 2717 cum
787 2690 852 2718 Van.
868 2692 931 2724 ὁμοῦ
946 2703 984 2717 τε.

242 2727 249 2748 ¹
274 2729 321 2757 Sic
337 2730 422 2757 etiam
437 2731 465 2757 in
478 2730 572 2758 Vatic.
601 2731 664 2757 Nisi
679 2731 751 2758 forte
766 2731 867 2758 vitium
883 2731 989 2761 subest,
1003 2737 1035 2757 ut

200 2769 335 2805 scriptum
350 2770 435 2798 fuerit
449 2772 515 2805 παρὰ
530 2772 702 2799 πᾶν-θεῖτο;
720 2772 845 2799 tenenda
859 2772 966 2799 locutio
983 2777 1033 2798 est.

1078 2536 1169 2557 trema
1183 2540 1246 2557 vox.

1117 2569 1128 2589 s
1148 2571 1209 2598 Par.
1226 2573 1274 2606 γὰρ
1289 2572 1316 2605 ἐξ
1332 2569 1366 2597 ῶν
1380 2572 1419 2597 καὶ
1434 2572 1464 2597 τὰ
1479 2572 1555 2597 λοιπὰ
1570 2571 1651 2596 πάντα
1665 2571 1696 2595 τὰ
1711 2570 1736 2595 ἐν
1750 2580 1775 2596 σ.

1117 2615 1132 2636 Ξῖ
1154 2611 1214 2637 Par.
1230 2612 1311 2638 οὐδέν.

1115 2649 1128 2670 2
1149 2652 1247 2685 ἐφίεται
1263 2651 1348 2678 vind.
1364 2651 1392 2678 in
1409 2657 1553 2678 contextu.
1597 2650 1653 2677 Sed
1668 2650 1697 2676 in
1714 2659 1802 2686 marg.
1819 2656 1850 2677 ut
1866 2659 1912 2677 ex-

1075 2690 1222 2718 hibernus:
1248 2714 1254 2719 .
1272 2713 1278 2717 .
1297 2714 1302 2718 .
1321 2713 1326 2718 .
1341 2691 1407 2718 Vat.
1424 2698 1509 2718 recte.
1552 2691 1612 2718 Par.
1629 2691 1763 2724 ἐφικνεῖται
1783 2690 1869 2717 habet
1884 2690 1913 2717 iu

1076 2737 1221 2759 contextu.
1263 2732 1359 2765 Quare
1372 2731 1477 2768 recepi.
