<?xml version="1.0" encoding="UTF-8"?>
<!DOCTYPE html PUBLIC "-//W3C//DTD XHTML 1.0 Transitional//EN"
    "http://www.w3.org/TR/xhtml1/DTD/xhtml1-transitional.dtd">
<html xmlns="http://www.w3.org/1999/xhtml" xml:lang="en" lang="en">
 <head>
  <title>
</title>
<meta http-equiv="Content-Type" content="text/html;charset=utf-8" />
  <meta name='ocr-system' content='tesseract 3.04.00' />
  <meta name='ocr-capabilities' content='ocr_page ocr_carea ocr_par ocr_line ocrx_word'/>
</head>
<body>
  <div class='ocr_page' id='page_1' title='image "./plotinioperaomni02plotuoft_0835.png"; bbox 0 0 2102 3015; ppageno 0'>
   <div class='ocr_carea' id='block_1_1' title="bbox 162 183 1903 1890">
    <p class='ocr_par' dir='ltr' id='par_1_1' title="bbox 166 183 1903 1113">
     <span class='ocr_line' id='line_1_1' title="bbox 808 183 1903 238; baseline 0.008 -20"><span class='ocrx_word' id='word_1_1' title='bbox 808 183 947 219; x_wconf 83' lang='grc' dir='ltr'><strong>ΠΡΟΣ</strong></span> <span class='ocrx_word' id='word_1_2' title='bbox 977 183 1263 221; x_wconf 88' lang='grc' dir='ltr'>ΠΛΩΤΙΝΟΝ.</span> <span class='ocrx_word' id='word_1_3' title='bbox 1804 201 1903 238; x_wconf 71' lang='lat'>1423</span> 
     </span>
     <span class='ocr_line' id='line_1_2' title="bbox 171 284 1902 356; baseline 0.004 -31"><span class='ocrx_word' id='word_1_4' title='bbox 171 287 336 337; x_wconf 75' lang='grc' dir='ltr'>γενέσθαι</span> <span class='ocrx_word' id='word_1_5' title='bbox 361 290 555 338; x_wconf 83' lang='grc' dir='ltr'>(γενῶσθαι</span> <span class='ocrx_word' id='word_1_6' title='bbox 582 286 733 338; x_wconf 84' lang='lat' dir='ltr'>Vind.)‚</span> <span class='ocrx_word' id='word_1_7' title='bbox 753 287 809 324; x_wconf 82' lang='grc' dir='ltr'>καὶ</span> <span class='ocrx_word' id='word_1_8' title='bbox 836 284 898 324; x_wconf 82' lang='grc' dir='ltr'>τὸν</span> <span class='ocrx_word' id='word_1_9' title='bbox 924 284 1009 323; x_wconf 76' lang='grc' dir='ltr'>ὅλον</span> <span class='ocrx_word' id='word_1_10' title='bbox 1036 285 1147 335; x_wconf 67' lang='grc' dir='ltr'>ἔρωτα</span> <span class='ocrx_word' id='word_1_11' title='bbox 1173 288 1230 324; x_wconf 81' lang='grc' dir='ltr'>καὶ</span> <span class='ocrx_word' id='word_1_12' title='bbox 1258 287 1321 335; x_wconf 86' lang='grc' dir='ltr'>τὴν</span> <span class='ocrx_word' id='word_1_13' title='bbox 1347 290 1530 356; x_wconf 82' lang='grc' dir='ltr'>ἐπιθυμίαν</span> <span class='ocrx_word' id='word_1_14' title='bbox 1559 290 1646 338; x_wconf 78' lang='grc' dir='ltr'>ὅλην</span> <span class='ocrx_word' id='word_1_15' title='bbox 1676 293 1761 339; x_wconf 77' lang='grc' dir='ltr'>(ἐκεῖ</span> <span class='ocrx_word' id='word_1_16' title='bbox 1785 293 1902 332; x_wconf 82' lang='lat' dir='ltr'>addit</span> 
     </span>
     <span class='ocr_line' id='line_1_3' title="bbox 172 340 1903 395; baseline 0.003 -16"><span class='ocrx_word' id='word_1_17' title='bbox 172 343 377 382; x_wconf 79' lang='lat' dir='ltr'>Vat.cul11</span> <span class='ocrx_word' id='word_1_18' title='bbox 400 343 508 393; x_wconf 81' lang='lat' dir='ltr'>Par.)</span> <span class='ocrx_word' id='word_1_19' title='bbox 529 345 689 389; x_wconf 82' lang='grc' dir='ltr'>κενῶσαι,</span> <span class='ocrx_word' id='word_1_20' title='bbox 710 341 790 380; x_wconf 86' lang='grc' dir='ltr'>όποι</span> <span class='ocrx_word' id='word_1_21' title='bbox 815 341 851 379; x_wconf 79' lang='grc' dir='ltr'>δὲ</span> <span class='ocrx_word' id='word_1_22' title='bbox 872 340 956 389; x_wconf 85' lang='grc' dir='ltr'>(όπη</span> <span class='ocrx_word' id='word_1_23' title='bbox 977 340 1018 389; x_wconf 82' lang='grc' dir='ltr'>δὴ</span> <span class='ocrx_word' id='word_1_24' title='bbox 1040 341 1134 380; x_wconf 79' lang='lat' dir='ltr'>Vat.</span> <span class='ocrx_word' id='word_1_25' title='bbox 1140 347 1170 393; x_wconf 81' lang='grc' dir='ltr'>υ&gt;</span> <span class='ocrx_word' id='word_1_26' title='bbox 1191 343 1246 379; x_wconf 73' lang='grc' dir='ltr'>καὶ</span> <span class='ocrx_word' id='word_1_27' title='bbox 1269 345 1422 391; x_wconf 79' lang='grc' dir='ltr'>γνησίως</span> <span class='ocrx_word' id='word_1_28' title='bbox 1447 347 1515 395; x_wconf 79' lang='grc' dir='ltr'>ἔχει</span> <span class='ocrx_word' id='word_1_29' title='bbox 1544 363 1677 394; x_wconf 84' lang='grc' dir='ltr'>νοητων</span> <span class='ocrx_word' id='word_1_30' title='bbox 1703 346 1813 385; x_wconf 77' lang='grc' dir='ltr'>ὄντων</span> <span class='ocrx_word' id='word_1_31' title='bbox 1832 351 1903 386; x_wconf 86' lang='grc' dir='ltr'>τῶν</span> 
     </span>
     <span class='ocr_line' id='line_1_4' title="bbox 171 396 1903 453; baseline -0.001 -17"><span class='ocrx_word' id='word_1_32' title='bbox 171 399 281 436; x_wconf 90' lang='grc' dir='ltr'>εκεῖσε</span> <span class='ocrx_word' id='word_1_33' title='bbox 300 398 442 437; x_wconf 82' lang='grc' dir='ltr'>πάντων</span> <span class='ocrx_word' id='word_1_34' title='bbox 462 399 518 435; x_wconf 81' lang='grc' dir='ltr'>καὶ</span> <span class='ocrx_word' id='word_1_35' title='bbox 538 396 732 447; x_wconf 84' lang='grc' dir='ltr'>ἀκηράτων.</span> <span class='ocrx_word' id='word_1_36' title='bbox 765 401 875 435; x_wconf 88' lang='grc' dir='ltr'>ταῦτα</span> <span class='ocrx_word' id='word_1_37' title='bbox 893 400 954 435; x_wconf 90' lang='grc' dir='ltr'>τοῦ</span> <span class='ocrx_word' id='word_1_38' title='bbox 974 396 1098 446; x_wconf 85' lang='grc' dir='ltr'>κυρίως</span> <span class='ocrx_word' id='word_1_39' title='bbox 1118 396 1314 446; x_wconf 85' lang='grc' dir='ltr'>ἀνθρώπου,</span> <span class='ocrx_word' id='word_1_40' title='bbox 1330 403 1439 437; x_wconf 85' lang='grc' dir='ltr'>ταῦτα</span> <span class='ocrx_word' id='word_1_41' title='bbox 1460 405 1577 451; x_wconf 79' lang='grc' dir='ltr'>νοερᾶς</span> <span class='ocrx_word' id='word_1_42' title='bbox 1592 404 1712 453; x_wconf 72' lang='grc' dir='ltr'>ψυχης</span> <span class='ocrx_word' id='word_1_43' title='bbox 1726 402 1771 440; x_wconf 75' lang='grc' dir='ltr'>τὰ</span> <span class='ocrx_word' id='word_1_44' title='bbox 1790 420 1903 442; x_wconf 72' lang='grc' dir='ltr'>σπου-</span> 
     </span>
     <span class='ocr_line' id='line_1_5' title="bbox 171 451 1898 507; baseline 0.002 -16"><span class='ocrx_word' id='word_1_45' title='bbox 171 453 348 501; x_wconf 82' lang='grc' dir='ltr'>δάσματα,</span> <span class='ocrx_word' id='word_1_46' title='bbox 367 452 456 503; x_wconf 79' lang='grc' dir='ltr'>πρὸς</span> <span class='ocrx_word' id='word_1_47' title='bbox 477 451 499 490; x_wconf 81' lang='grc' dir='ltr'>ἃ</span> <span class='ocrx_word' id='word_1_48' title='bbox 517 454 594 491; x_wconf 80' lang='grc' dir='ltr'>οὔτε</span> <span class='ocrx_word' id='word_1_49' title='bbox 614 453 739 498; x_wconf 76' lang='grc' dir='ltr'>βλέπει</span> <span class='ocrx_word' id='word_1_50' title='bbox 762 453 840 490; x_wconf 81' lang='grc' dir='ltr'>οὕτε</span> <span class='ocrx_word' id='word_1_51' title='bbox 865 451 991 503; x_wconf 79' lang='grc' dir='ltr'>φθάνει</span> <span class='ocrx_word' id='word_1_52' title='bbox 1014 452 1155 500; x_wconf 81' lang='grc' dir='ltr'>οὐδεμία</span> <span class='ocrx_word' id='word_1_53' title='bbox 1174 451 1285 504; x_wconf 80' lang='grc' dir='ltr'>φύσις</span> <span class='ocrx_word' id='word_1_54' title='bbox 1305 453 1436 502; x_wconf 78' lang='grc' dir='ltr'>ἄλογος</span> <span class='ocrx_word' id='word_1_55' title='bbox 1456 462 1557 494; x_wconf 77' lang='grc' dir='ltr'>οὐσα.</span> <span class='ocrx_word' id='word_1_56' title='bbox 1588 460 1663 497; x_wconf 82' lang='grc' dir='ltr'>πῶς</span> <span class='ocrx_word' id='word_1_57' title='bbox 1682 456 1751 507; x_wconf 75' lang='grc' dir='ltr'>γὰρ</span> <span class='ocrx_word' id='word_1_58' title='bbox 1770 459 1898 507; x_wconf 78' lang='grc' dir='ltr'>αἰσθή-</span> 
     </span>
     <span class='ocr_line' id='line_1_6' title="bbox 170 506 1901 565; baseline 0.002 -18"><span class='ocrx_word' id='word_1_59' title='bbox 170 526 226 547; x_wconf 88' lang='grc' dir='ltr'>σει</span> <span class='ocrx_word' id='word_1_60' title='bbox 245 508 335 560; x_wconf 87' lang='grc' dir='ltr'>μόνῃ</span> <span class='ocrx_word' id='word_1_61' title='bbox 355 509 583 555; x_wconf 78' lang='grc' dir='ltr'>δουλεύουσα,</span> <span class='ocrx_word' id='word_1_62' title='bbox 600 525 657 546; x_wconf 90' lang='grc' dir='ltr'>και</span> <span class='ocrx_word' id='word_1_63' title='bbox 676 507 810 546; x_wconf 82' lang='grc' dir='ltr'>οὐδεν</span> <span class='ocrx_word' id='word_1_64' title='bbox 794 506 879 557; x_wconf 79' lang='grc' dir='ltr'>υπὲρ</span> <span class='ocrx_word' id='word_1_65' title='bbox 893 506 1023 552; x_wconf 84' lang='grc' dir='ltr'>ταύτην</span> <span class='ocrx_word' id='word_1_66' title='bbox 1040 509 1188 558; x_wconf 83' lang='grc' dir='ltr'>ἀρθῆναι</span> <span class='ocrx_word' id='word_1_67' title='bbox 1208 509 1379 556; x_wconf 90' lang='grc' dir='ltr'>δυναμενη</span> <span class='ocrx_word' id='word_1_68' title='bbox 1399 511 1467 547; x_wconf 77' lang='grc' dir='ltr'>οὔτ’</span> <span class='ocrx_word' id='word_1_69' title='bbox 1486 512 1605 548; x_wconf 72' lang='grc' dir='ltr'>ἱδεῖν“</span> <span class='ocrx_word' id='word_1_70' title='bbox 1587 530 1666 550; x_wconf 89' lang='grc' dir='ltr'>οποι</span> <span class='ocrx_word' id='word_1_71' title='bbox 1687 512 1772 564; x_wconf 78' lang='grc' dir='ltr'>(ὅπῃ</span> <span class='ocrx_word' id='word_1_72' title='bbox 1790 514 1880 553; x_wconf 82' lang='lat' dir='ltr'>Vat.</span> <span class='ocrx_word' id='word_1_73' title='bbox 1888 522 1901 565; x_wconf 82' lang='grc'>)</span> 
     </span>
     <span class='ocr_line' id='line_1_7' title="bbox 170 562 1902 615; baseline 0.002 -13"><span class='ocrx_word' id='word_1_74' title='bbox 170 581 250 605; x_wconf 88' lang='grc' dir='ltr'>νους</span> <span class='ocrx_word' id='word_1_75' title='bbox 277 563 501 612; x_wconf 49' lang='grc' dir='ltr'>ἐμβατευειῑ.</span> <span class='ocrx_word' id='word_1_76' title='bbox 465 566 490 587; x_wconf 80' lang='lat'>⁷⁴</span> <span class='ocrx_word' id='word_1_77' title='bbox 535 567 614 604; x_wconf 89' lang='grc' dir='ltr'>νοῦς</span> <span class='ocrx_word' id='word_1_78' title='bbox 642 562 712 613; x_wconf 78' lang='grc' dir='ltr'>γὰρ</span> <span class='ocrx_word' id='word_1_79' title='bbox 740 562 847 611; x_wconf 90' lang='grc' dir='ltr'>μόνος</span> <span class='ocrx_word' id='word_1_80' title='bbox 874 566 946 602; x_wconf 88' lang='grc' dir='ltr'>τοῖς</span> <span class='ocrx_word' id='word_1_81' title='bbox 975 566 1109 611; x_wconf 85' lang='grc' dir='ltr'>νοητοῖς</span> <span class='ocrx_word' id='word_1_82' title='bbox 1137 562 1316 609; x_wconf 75' lang='grc' dir='ltr'>σύνεστιν,</span> <span class='ocrx_word' id='word_1_83' title='bbox 1343 563 1510 612; x_wconf 76' lang='grc' dir='ltr'>αἴσθησις</span> <span class='ocrx_word' id='word_1_84' title='bbox 1540 568 1568 603; x_wconf 85' lang='grc' dir='ltr'>δ’</span> <span class='ocrx_word' id='word_1_85' title='bbox 1599 568 1741 615; x_wconf 74' lang='grc' dir='ltr'>οὐδεμια</span> <span class='ocrx_word' id='word_1_86' title='bbox 1769 569 1902 607; x_wconf 80' lang='grc' dir='ltr'>τούτων</span> 
     </span>
     <span class='ocr_line' id='line_1_8' title="bbox 169 617 1902 674; baseline 0.003 -17"><span class='ocrx_word' id='word_1_87' title='bbox 169 620 407 671; x_wconf 87' lang='grc' dir='ltr'>ἐφικνουμενη,</span> <span class='ocrx_word' id='word_1_88' title='bbox 428 619 485 657; x_wconf 82' lang='grc' dir='ltr'>καὶ</span> <span class='ocrx_word' id='word_1_89' title='bbox 510 617 647 668; x_wconf 78' lang='grc' dir='ltr'>μακρὰν</span> <span class='ocrx_word' id='word_1_90' title='bbox 673 619 788 656; x_wconf 85' lang='grc' dir='ltr'>αὐτῶν</span> <span class='ocrx_word' id='word_1_91' title='bbox 816 618 976 665; x_wconf 83' lang='grc' dir='ltr'>ἀπεστιν,</span> <span class='ocrx_word' id='word_1_92' title='bbox 996 617 1073 656; x_wconf 80' lang='grc' dir='ltr'>οὐδὲ</span> <span class='ocrx_word' id='word_1_93' title='bbox 1100 619 1197 666; x_wconf 88' lang='grc' dir='ltr'>μελει</span> <span class='ocrx_word' id='word_1_94' title='bbox 1217 618 1355 668; x_wconf 78' lang='grc' dir='ltr'>(μέλλει</span> <span class='ocrx_word' id='word_1_95' title='bbox 1377 620 1501 659; x_wconf 84' lang='lat' dir='ltr'>Vind.</span> <span class='ocrx_word' id='word_1_96' title='bbox 1525 622 1730 674; x_wconf 71' lang='lat' dir='ltr'>fleqtlenti</span> <span class='ocrx_word' id='word_1_97' title='bbox 1760 625 1902 663; x_wconf 82' lang='lat' dir='ltr'>confu-</span> 
     </span>
     <span class='ocr_line' id='line_1_9' title="bbox 169 672 1897 728; baseline 0.002 -16.002"><span class='ocrx_word' id='word_1_98' title='bbox 169 675 298 722; x_wconf 78' lang='lat' dir='ltr'>sione)</span> <span class='ocrx_word' id='word_1_99' title='bbox 318 692 426 725; x_wconf 86' lang='grc' dir='ltr'>ταυτῃ</span> <span class='ocrx_word' id='word_1_100' title='bbox 446 677 588 725; x_wconf 85' lang='grc' dir='ltr'>φθαρτῇ</span> <span class='ocrx_word' id='word_1_101' title='bbox 608 691 647 722; x_wconf 89' lang='grc' dir='ltr'>γε</span> <span class='ocrx_word' id='word_1_102' title='bbox 672 675 762 724; x_wconf 80' lang='grc' dir='ltr'>οὔσῃ</span> <span class='ocrx_word' id='word_1_103' title='bbox 783 673 921 714; x_wconf 89' lang='grc' dir='ltr'>ουδενος</span> <span class='ocrx_word' id='word_1_104' title='bbox 939 677 1009 711; x_wconf 84' lang='grc' dir='ltr'>τῶν</span> <span class='ocrx_word' id='word_1_105' title='bbox 1029 672 1234 725; x_wconf 85' lang='grc' dir='ltr'>ἀφθαρτων.</span> <span class='ocrx_word' id='word_1_106' title='bbox 1266 674 1367 726; x_wconf 79' lang='grc' dir='ltr'>ψυχὴ</span> <span class='ocrx_word' id='word_1_107' title='bbox 1387 676 1415 713; x_wconf 82' lang='grc' dir='ltr'>δ’</span> <span class='ocrx_word' id='word_1_108' title='bbox 1437 674 1608 717; x_wconf 85' lang='grc' dir='ltr'>ἀθανατος</span> <span class='ocrx_word' id='word_1_109' title='bbox 1629 695 1684 716; x_wconf 85' lang='grc' dir='ltr'>και</span> <span class='ocrx_word' id='word_1_110' title='bbox 1706 696 1754 726; x_wconf 85' lang='grc' dir='ltr'>μη</span> <span class='ocrx_word' id='word_1_111' title='bbox 1775 684 1897 728; x_wconf 83' lang='grc' dir='ltr'>λωβη-</span> 
     </span>
     <span class='ocr_line' id='line_1_10' title="bbox 169 728 1900 781; baseline 0.003 -13"><span class='ocrx_word' id='word_1_112' title='bbox 169 729 302 768; x_wconf 67' lang='grc' dir='ltr'>θεῖσα20</span> <span class='ocrx_word' id='word_1_113' title='bbox 322 729 429 777; x_wconf 88' lang='grc' dir='ltr'>μηδεν</span> <span class='ocrx_word' id='word_1_114' title='bbox 457 729 500 780; x_wconf 80' lang='grc' dir='ltr'>εξ</span> <span class='ocrx_word' id='word_1_115' title='bbox 525 728 660 777; x_wconf 82' lang='grc' dir='ltr'>ἀλόγου</span> <span class='ocrx_word' id='word_1_116' title='bbox 684 729 771 778; x_wconf 76' lang='grc' dir='ltr'>ζωης</span> <span class='ocrx_word' id='word_1_117' title='bbox 799 746 856 767; x_wconf 91' lang='grc' dir='ltr'>και</span> <span class='ocrx_word' id='word_1_118' title='bbox 886 728 1086 777; x_wconf 79' lang='grc' dir='ltr'>αἰσθήσεως</span> <span class='ocrx_word' id='word_1_119' title='bbox 1107 731 1179 779; x_wconf 82' lang='grc' dir='ltr'>(και</span> <span class='ocrx_word' id='word_1_120' title='bbox 1212 729 1414 778; x_wconf 81' lang='grc' dir='ltr'>αισθήσεως</span> <span class='ocrx_word' id='word_1_121' title='bbox 1442 731 1503 770; x_wconf 80' lang='lat' dir='ltr'>bis</span> <span class='ocrx_word' id='word_1_122' title='bbox 1534 730 1683 781; x_wconf 78' lang='lat' dir='ltr'>leoitm</span> <span class='ocrx_word' id='word_1_123' title='bbox 1710 734 1750 772; x_wconf 84' lang='lat' dir='ltr'>ill</span> <span class='ocrx_word' id='word_1_124' title='bbox 1780 734 1872 774; x_wconf 85' lang='lat' dir='ltr'>Vat.</span> <span class='ocrx_word' id='word_1_125' title='bbox 1876 737 1900 781; x_wconf 87' lang='lat'>)‚</span> 
     </span>
     <span class='ocr_line' id='line_1_11' title="bbox 168 783 1896 839; baseline 0.003 -16"><span class='ocrx_word' id='word_1_126' title='bbox 168 786 261 825; x_wconf 90' lang='grc' dir='ltr'>τίνος</span> <span class='ocrx_word' id='word_1_127' title='bbox 279 784 322 823; x_wconf 81' lang='grc' dir='ltr'>ἂν</span> <span class='ocrx_word' id='word_1_128' title='bbox 342 784 494 831; x_wconf 81' lang='grc' dir='ltr'>ἀλλου,</span> <span class='ocrx_word' id='word_1_129' title='bbox 484 783 505 832; x_wconf 85' lang='grc' dir='ltr'>ὴ</span> <span class='ocrx_word' id='word_1_130' title='bbox 526 787 596 822; x_wconf 81' lang='grc' dir='ltr'>τῶν</span> <span class='ocrx_word' id='word_1_131' title='bbox 616 785 667 822; x_wconf 87' lang='grc' dir='ltr'>ἀει</span> <span class='ocrx_word' id='word_1_132' title='bbox 687 783 798 822; x_wconf 80' lang='grc' dir='ltr'>ὄντων</span> <span class='ocrx_word' id='word_1_133' title='bbox 817 785 853 822; x_wconf 87' lang='grc' dir='ltr'>ἐν</span> <span class='ocrx_word' id='word_1_134' title='bbox 873 784 985 836; x_wconf 78' lang='grc' dir='ltr'>ὁρεξει</span> <span class='ocrx_word' id='word_1_135' title='bbox 1004 786 1061 822; x_wconf 83' lang='grc' dir='ltr'>καὶ</span> <span class='ocrx_word' id='word_1_136' title='bbox 1079 784 1180 836; x_wconf 89' lang='grc' dir='ltr'>πόθω</span> <span class='ocrx_word' id='word_1_137' title='bbox 1198 802 1343 834; x_wconf 85' lang='grc' dir='ltr'>γενοιτο,</span> <span class='ocrx_word' id='word_1_138' title='bbox 1363 787 1399 823; x_wconf 87' lang='grc' dir='ltr'>ἐν</span> <span class='ocrx_word' id='word_1_139' title='bbox 1419 785 1469 826; x_wconf 79' lang='grc' dir='ltr'>οἷς</span> <span class='ocrx_word' id='word_1_140' title='bbox 1489 803 1545 824; x_wconf 87' lang='grc' dir='ltr'>και</span> <span class='ocrx_word' id='word_1_141' title='bbox 1564 787 1626 827; x_wconf 79' lang='grc' dir='ltr'>τὰς</span> <span class='ocrx_word' id='word_1_142' title='bbox 1644 788 1764 839; x_wconf 78' lang='grc' dir='ltr'>ψυχὰς</span> <span class='ocrx_word' id='word_1_143' title='bbox 1786 792 1896 828; x_wconf 89' lang='grc' dir='ltr'>Πλω-</span> 
     </span>
     <span class='ocr_line' id='line_1_12' title="bbox 167 839 1900 907; baseline 0.003 -29"><span class='ocrx_word' id='word_1_144' title='bbox 167 840 259 880; x_wconf 89' lang='grc' dir='ltr'>τῖνός</span> <span class='ocrx_word' id='word_1_145' title='bbox 279 843 371 892; x_wconf 89' lang='grc' dir='ltr'>φησι</span> <span class='ocrx_word' id='word_1_146' title='bbox 389 843 530 907; x_wconf 67' lang='grc' dir='ltr'>πρῶτον</span> <span class='ocrx_word' id='word_1_147' title='bbox 550 840 671 886; x_wconf 77' lang='grc' dir='ltr'>οὔσας,</span> <span class='ocrx_word' id='word_1_148' title='bbox 691 839 851 891; x_wconf 78' lang='grc' dir='ltr'>ὀρεξεσιν</span> <span class='ocrx_word' id='word_1_149' title='bbox 870 840 999 880; x_wconf 83' lang='grc' dir='ltr'>ἄλλαις</span> <span class='ocrx_word' id='word_1_150' title='bbox 1019 841 1072 892; x_wconf 81' lang='grc' dir='ltr'>ἐφ’</span> <span class='ocrx_word' id='word_1_151' title='bbox 1095 840 1194 890; x_wconf 75' lang='grc' dir='ltr'>ἕτερα</span> <span class='ocrx_word' id='word_1_152' title='bbox 1220 841 1422 890; x_wconf 80' lang='grc' dir='ltr'>τραπείσας,</span> <span class='ocrx_word' id='word_1_153' title='bbox 1442 842 1579 880; x_wconf 89' lang='grc' dir='ltr'>ε’κεινων</span> <span class='ocrx_word' id='word_1_154' title='bbox 1598 859 1635 880; x_wconf 89' lang='grc' dir='ltr'>τε</span> <span class='ocrx_word' id='word_1_155' title='bbox 1662 845 1821 882; x_wconf 82' lang='grc' dir='ltr'>ἐκπεσεῖν</span> <span class='ocrx_word' id='word_1_156' title='bbox 1845 862 1900 883; x_wconf 89' lang='grc' dir='ltr'>και</span> 
     </span>
     <span class='ocr_line' id='line_1_13' title="bbox 167 893 1896 948; baseline 0.002 -15"><span class='ocrx_word' id='word_1_157' title='bbox 167 897 204 934; x_wconf 92' lang='grc' dir='ltr'>ἐν</span> <span class='ocrx_word' id='word_1_158' title='bbox 223 895 272 935; x_wconf 76' lang='grc' dir='ltr'>οἷς</span> <span class='ocrx_word' id='word_1_159' title='bbox 293 895 462 945; x_wconf 86' lang='grc' dir='ltr'>ε’γενοντο,</span> <span class='ocrx_word' id='word_1_160' title='bbox 482 894 580 932; x_wconf 85' lang='grc' dir='ltr'>ἐστιν</span> <span class='ocrx_word' id='word_1_161' title='bbox 605 893 645 935; x_wconf 85' lang='grc' dir='ltr'>’ἀς</span> <span class='ocrx_word' id='word_1_162' title='bbox 664 895 797 933; x_wconf 85' lang='grc' dir='ltr'>τούτων</span> <span class='ocrx_word' id='word_1_163' title='bbox 822 897 1019 946; x_wconf 86' lang='grc' dir='ltr'>σφαληναι,</span> <span class='ocrx_word' id='word_1_164' title='bbox 1039 897 1222 944; x_wconf 85' lang='grc' dir='ltr'>κοσμῆσαι</span> <span class='ocrx_word' id='word_1_165' title='bbox 1249 913 1312 943; x_wconf 91' lang='grc' dir='ltr'>μεν</span> <span class='ocrx_word' id='word_1_166' title='bbox 1337 900 1447 934; x_wconf 88' lang='grc' dir='ltr'>ταῦτα</span> <span class='ocrx_word' id='word_1_167' title='bbox 1467 896 1612 948; x_wconf 83' lang='grc' dir='ltr'>(ταυτας</span> <span class='ocrx_word' id='word_1_168' title='bbox 1632 898 1741 945; x_wconf 79' lang='lat' dir='ltr'>Vat.)</span> <span class='ocrx_word' id='word_1_169' title='bbox 1762 904 1896 948; x_wconf 74' lang='grc' dir='ltr'>βουλη-</span> 
     </span>
     <span class='ocr_line' id='line_1_14' title="bbox 167 949 1901 1002; baseline 0.003 -13"><span class='ocrx_word' id='word_1_170' title='bbox 167 951 289 991; x_wconf 85' lang='grc' dir='ltr'>θείσας</span> <span class='ocrx_word' id='word_1_171' title='bbox 317 968 373 989; x_wconf 89' lang='grc' dir='ltr'>και</span> <span class='ocrx_word' id='word_1_172' title='bbox 401 950 489 1000; x_wconf 83' lang='grc' dir='ltr'>πρὸς</span> <span class='ocrx_word' id='word_1_173' title='bbox 519 951 613 988; x_wconf 86' lang='grc' dir='ltr'>τοῦθ’</span> <span class='ocrx_word' id='word_1_174' title='bbox 644 950 779 988; x_wconf 83' lang='grc' dir='ltr'>ἱκεσθαι</span> <span class='ocrx_word' id='word_1_175' title='bbox 808 949 912 997; x_wconf 79' lang='grc' dir='ltr'>κάτω,</span> <span class='ocrx_word' id='word_1_176' title='bbox 936 951 1023 998; x_wconf 84' lang='grc' dir='ltr'>ὁμοῦ</span> <span class='ocrx_word' id='word_1_177' title='bbox 1053 951 1081 987; x_wconf 90' lang='grc' dir='ltr'>δ’</span> <span class='ocrx_word' id='word_1_178' title='bbox 1111 952 1297 1002; x_wconf 82' lang='grc' dir='ltr'>ἀποτυχεῖν</span> <span class='ocrx_word' id='word_1_179' title='bbox 1326 951 1461 999; x_wconf 80' lang='grc' dir='ltr'>τούτου,</span> <span class='ocrx_word' id='word_1_180' title='bbox 1481 954 1537 990; x_wconf 84' lang='grc' dir='ltr'>καὶ</span> <span class='ocrx_word' id='word_1_181' title='bbox 1566 953 1745 1001; x_wconf 82' lang='grc' dir='ltr'>ἀκόσμους</span> <span class='ocrx_word' id='word_1_182' title='bbox 1773 972 1901 995; x_wconf 87' lang='grc' dir='ltr'>ταυτας</span> 
     </span>
     <span class='ocr_line' id='line_1_15' title="bbox 166 1005 1899 1059; baseline 0.003 -15"><span class='ocrx_word' id='word_1_183' title='bbox 166 1008 423 1055; x_wconf 49' lang='grc' dir='ltr'>γεγενῆσθαιῖὅ·</span> <span class='ocrx_word' id='word_1_184' title='bbox 456 1006 538 1043; x_wconf 89' lang='grc' dir='ltr'>ἀλλ’</span> <span class='ocrx_word' id='word_1_185' title='bbox 556 1006 621 1056; x_wconf 83' lang='grc' dir='ltr'>οὐχ</span> <span class='ocrx_word' id='word_1_186' title='bbox 640 1006 735 1053; x_wconf 86' lang='grc' dir='ltr'>ἡμεῖς</span> <span class='ocrx_word' id='word_1_187' title='bbox 755 1007 873 1052; x_wconf 76' lang='grc' dir='ltr'>οὕτως,</span> <span class='ocrx_word' id='word_1_188' title='bbox 890 1007 970 1043; x_wconf 86' lang='grc' dir='ltr'>ἀλλ’</span> <span class='ocrx_word' id='word_1_189' title='bbox 988 1005 1076 1044; x_wconf 81' lang='grc' dir='ltr'>ὅσον</span> <span class='ocrx_word' id='word_1_190' title='bbox 1095 1005 1201 1054; x_wconf 77' lang='grc' dir='ltr'>ἐσμὲν</span> <span class='ocrx_word' id='word_1_191' title='bbox 1220 1006 1453 1056; x_wconf 83' lang='grc' dir='ltr'>ἐπεγνωκότες</span> <span class='ocrx_word' id='word_1_192' title='bbox 1473 1009 1546 1059; x_wconf 82' lang='grc' dir='ltr'>(καὶ</span> <span class='ocrx_word' id='word_1_193' title='bbox 1565 1009 1682 1048; x_wconf 77' lang='lat' dir='ltr'>addit</span> <span class='ocrx_word' id='word_1_194' title='bbox 1698 1010 1789 1048; x_wconf 77' lang='lat' dir='ltr'>Vat.</span> <span class='ocrx_word' id='word_1_195' title='bbox 1807 1024 1899 1049; x_wconf 80' lang='lat' dir='ltr'>culn</span> 
     </span>
     <span class='ocr_line' id='line_1_16' title="bbox 169 1060 1112 1113; baseline -0.001 -12"><span class='ocrx_word' id='word_1_196' title='bbox 169 1062 289 1113; x_wconf 84' lang='lat' dir='ltr'>Par.)‚</span> <span class='ocrx_word' id='word_1_197' title='bbox 308 1063 428 1113; x_wconf 78' lang='grc' dir='ltr'>ψυχῆς</span> <span class='ocrx_word' id='word_1_198' title='bbox 449 1064 568 1111; x_wconf 79' lang='grc' dir='ltr'>νοερᾶς</span> <span class='ocrx_word' id='word_1_199' title='bbox 587 1061 693 1109; x_wconf 76' lang='grc' dir='ltr'>αὐτῆς</span> <span class='ocrx_word' id='word_1_200' title='bbox 713 1061 834 1108; x_wconf 81' lang='grc' dir='ltr'>ἕνεκεν,</span> <span class='ocrx_word' id='word_1_201' title='bbox 853 1060 919 1109; x_wconf 59' lang='grc' dir='ltr'>ἠΙδη</span> <span class='ocrx_word' id='word_1_202' title='bbox 938 1061 1112 1100; x_wconf 73' lang='grc' dir='ltr'>λέλεκται.</span> 
     </span>
    </p>

    <p class='ocr_par' dir='ltr' id='par_1_2' title="bbox 162 1116 1901 1890">
     <span class='ocr_line' id='line_1_17' title="bbox 222 1116 1901 1170; baseline 0.002 -15"><span class='ocrx_word' id='word_1_203' title='bbox 222 1134 249 1155; x_wconf 87' lang='grc' dir='ltr'>ε.</span> <span class='ocrx_word' id='word_1_204' title='bbox 284 1117 434 1155; x_wconf 87' lang='grc' dir='ltr'>Λεκτεόν</span> <span class='ocrx_word' id='word_1_205' title='bbox 460 1117 487 1154; x_wconf 81' lang='grc' dir='ltr'>δ’</span> <span class='ocrx_word' id='word_1_206' title='bbox 509 1117 591 1164; x_wconf 84' lang='grc' dir='ltr'>ἡμῖν</span> <span class='ocrx_word' id='word_1_207' title='bbox 615 1116 657 1154; x_wconf 77' lang='grc' dir='ltr'>ἂν</span> <span class='ocrx_word' id='word_1_208' title='bbox 680 1116 731 1165; x_wconf 83' lang='grc' dir='ltr'>εἰἠ</span> <span class='ocrx_word' id='word_1_209' title='bbox 757 1118 813 1154; x_wconf 79' lang='grc' dir='ltr'>καὶ</span> <span class='ocrx_word' id='word_1_210' title='bbox 837 1118 916 1166; x_wconf 84' lang='grc' dir='ltr'>περὶ</span> <span class='ocrx_word' id='word_1_211' title='bbox 942 1116 1138 1165; x_wconf 85' lang='grc' dir='ltr'>ἐπιστήμης</span> <span class='ocrx_word' id='word_1_212' title='bbox 1158 1117 1252 1157; x_wconf 81' lang='grc' dir='ltr'>ὅπως</span> <span class='ocrx_word' id='word_1_213' title='bbox 1276 1117 1362 1156; x_wconf 77' lang='grc' dir='ltr'>ποτὲ</span> <span class='ocrx_word' id='word_1_214' title='bbox 1388 1119 1543 1168; x_wconf 91' lang='grc' dir='ltr'>γίγνεται</span> <span class='ocrx_word' id='word_1_215' title='bbox 1562 1119 1670 1167; x_wconf 73' lang='grc' dir='ltr'>μηδὲν</span> <span class='ocrx_word' id='word_1_216' title='bbox 1690 1121 1769 1170; x_wconf 78' lang='grc' dir='ltr'>περὶ</span> <span class='ocrx_word' id='word_1_217' title='bbox 1795 1121 1901 1169; x_wconf 77' lang='grc' dir='ltr'>αὐτῆς</span> 
     </span>
     <span class='ocr_line' id='line_1_18' title="bbox 167 1170 1896 1224; baseline 0.002 -14"><span class='ocrx_word' id='word_1_218' title='bbox 167 1171 286 1219; x_wconf 75' lang='grc' dir='ltr'>εἰδόσι,</span> <span class='ocrx_word' id='word_1_219' title='bbox 307 1174 362 1210; x_wconf 72' lang='grc' dir='ltr'>καὶ</span> <span class='ocrx_word' id='word_1_220' title='bbox 387 1175 414 1210; x_wconf 79' lang='grc' dir='ltr'>εἰ</span> <span class='ocrx_word' id='word_1_221' title='bbox 440 1173 547 1223; x_wconf 72' lang='grc' dir='ltr'>χωρὶς</span> <span class='ocrx_word' id='word_1_222' title='bbox 572 1170 636 1219; x_wconf 75' lang='grc' dir='ltr'>μὲν</span> <span class='ocrx_word' id='word_1_223' title='bbox 659 1172 735 1210; x_wconf 80' lang='grc' dir='ltr'>ε”στι</span> <span class='ocrx_word' id='word_1_224' title='bbox 756 1171 835 1222; x_wconf 76' lang='grc' dir='ltr'>(μέν</span> <span class='ocrx_word' id='word_1_225' title='bbox 854 1173 930 1210; x_wconf 84' lang='grc' dir='ltr'>ἐστι</span> <span class='ocrx_word' id='word_1_226' title='bbox 952 1172 1041 1211; x_wconf 81' lang='lat' dir='ltr'>Par.</span> <span class='ocrx_word' id='word_1_227' title='bbox 1065 1187 1157 1211; x_wconf 81' lang='lat' dir='ltr'>cum</span> <span class='ocrx_word' id='word_1_228' title='bbox 1180 1173 1294 1224; x_wconf 81' lang='lat' dir='ltr'>Vat.)</span> <span class='ocrx_word' id='word_1_229' title='bbox 1315 1177 1395 1211; x_wconf 91' lang='grc' dir='ltr'>νοῦν</span> <span class='ocrx_word' id='word_1_230' title='bbox 1415 1172 1509 1220; x_wconf 78' lang='grc' dir='ltr'>εῖναι,</span> <span class='ocrx_word' id='word_1_231' title='bbox 1530 1176 1636 1224; x_wconf 73' lang='grc' dir='ltr'>χωρὶς</span> <span class='ocrx_word' id='word_1_232' title='bbox 1656 1176 1684 1213; x_wconf 86' lang='grc' dir='ltr'>δ’</span> <span class='ocrx_word' id='word_1_233' title='bbox 1706 1175 1804 1214; x_wconf 75' lang='grc' dir='ltr'>ἔστιν</span> <span class='ocrx_word' id='word_1_234' title='bbox 1822 1177 1896 1215; x_wconf 86' lang='grc' dir='ltr'>ἐπι-</span> 
     </span>
     <span class='ocr_line' id='line_1_19' title="bbox 166 1226 1896 1280; baseline 0.003 -14"><span class='ocrx_word' id='word_1_235' title='bbox 166 1227 308 1276; x_wconf 86' lang='grc' dir='ltr'>στήμην</span> <span class='ocrx_word' id='word_1_236' title='bbox 327 1226 423 1265; x_wconf 77' lang='grc' dir='ltr'>εῖναι·</span> <span class='ocrx_word' id='word_1_237' title='bbox 457 1245 512 1265; x_wconf 89' lang='grc' dir='ltr'>και</span> <span class='ocrx_word' id='word_1_238' title='bbox 536 1226 605 1276; x_wconf 79' lang='grc' dir='ltr'>γὰρ</span> <span class='ocrx_word' id='word_1_239' title='bbox 631 1245 658 1265; x_wconf 90' lang='grc' dir='ltr'>ει</span> <span class='ocrx_word' id='word_1_240' title='bbox 684 1231 786 1265; x_wconf 80' lang='grc' dir='ltr'>πᾶσα</span> <span class='ocrx_word' id='word_1_241' title='bbox 813 1227 1023 1276; x_wconf 78' lang='grc' dir='ltr'>δήπουθεν’</span> <span class='ocrx_word' id='word_1_242' title='bbox 1004 1245 1149 1277; x_wconf 88' lang='grc' dir='ltr'>αναγκη,</span> <span class='ocrx_word' id='word_1_243' title='bbox 1170 1228 1258 1277; x_wconf 70' lang='grc' dir='ltr'>ότι-ηΧ</span> <span class='ocrx_word' id='word_1_244' title='bbox 1278 1228 1321 1276; x_wconf 81' lang='grc' dir='ltr'>δη</span> <span class='ocrx_word' id='word_1_245' title='bbox 1342 1228 1437 1280; x_wconf 84' lang='grc' dir='ltr'>(όποι</span> <span class='ocrx_word' id='word_1_246' title='bbox 1457 1228 1499 1278; x_wconf 79' lang='grc' dir='ltr'>δὴ</span> <span class='ocrx_word' id='word_1_247' title='bbox 1520 1230 1644 1269; x_wconf 82' lang='lat' dir='ltr'>Vlnd.</span> <span class='ocrx_word' id='word_1_248' title='bbox 1669 1237 1710 1270; x_wconf 77' lang='lat' dir='ltr'>et</span> <span class='ocrx_word' id='word_1_249' title='bbox 1730 1245 1786 1270; x_wconf 86' lang='lat' dir='ltr'>SIC</span> <span class='ocrx_word' id='word_1_250' title='bbox 1807 1232 1896 1271; x_wconf 82' lang='lat' dir='ltr'>ubl-</span> 
     </span>
     <span class='ocr_line' id='line_1_20' title="bbox 166 1281 1900 1336; baseline 0.003 -16"><span class='ocrx_word' id='word_1_251' title='bbox 166 1285 263 1336; x_wconf 82' lang='lat' dir='ltr'>que)</span> <span class='ocrx_word' id='word_1_252' title='bbox 284 1282 363 1333; x_wconf 74' lang='grc' dir='ltr'>ζωη,</span> <span class='ocrx_word' id='word_1_253' title='bbox 383 1300 484 1320; x_wconf 75' lang='grc' dir='ltr'>ενται</span> <span class='ocrx_word' id='word_1_254' title='bbox 470 1285 533 1320; x_wconf 90' lang='grc' dir='ltr'>θα</span> <span class='ocrx_word' id='word_1_255' title='bbox 561 1300 617 1320; x_wconf 89' lang='grc' dir='ltr'>και</span> <span class='ocrx_word' id='word_1_256' title='bbox 643 1287 725 1320; x_wconf 82' lang='grc' dir='ltr'>νοῦν</span> <span class='ocrx_word' id='word_1_257' title='bbox 748 1281 842 1327; x_wconf 78' lang='grc' dir='ltr'>εἶναι,</span> <span class='ocrx_word' id='word_1_258' title='bbox 864 1282 932 1331; x_wconf 81' lang='grc' dir='ltr'>ὅπη</span> <span class='ocrx_word' id='word_1_259' title='bbox 957 1282 992 1321; x_wconf 88' lang='grc' dir='ltr'>δε</span> <span class='ocrx_word' id='word_1_260' title='bbox 1016 1287 1106 1330; x_wconf 88' lang='grc' dir='ltr'>νοῦς,</span> <span class='ocrx_word' id='word_1_261' title='bbox 1126 1285 1296 1322; x_wconf 68' lang='grc' dir='ltr'>ἐνταυθαΥ</span> <span class='ocrx_word' id='word_1_262' title='bbox 1324 1301 1380 1322; x_wconf 88' lang='grc' dir='ltr'>και</span> <span class='ocrx_word' id='word_1_263' title='bbox 1404 1284 1604 1333; x_wconf 86' lang='grc' dir='ltr'>ἐπιστήμην</span> <span class='ocrx_word' id='word_1_264' title='bbox 1627 1283 1721 1332; x_wconf 84' lang='grc' dir='ltr'>εἶναι,</span> <span class='ocrx_word' id='word_1_265' title='bbox 1743 1287 1840 1336; x_wconf 78' lang='grc' dir='ltr'>ζώοις</span> <span class='ocrx_word' id='word_1_266' title='bbox 1865 1287 1900 1325; x_wconf 83' lang='grc' dir='ltr'>δε</span> 
     </span>
     <span class='ocr_line' id='line_1_21' title="bbox 164 1336 1900 1392; baseline 0.002 -16"><span class='ocrx_word' id='word_1_267' title='bbox 164 1342 277 1377; x_wconf 86' lang='grc' dir='ltr'>πᾶσιν</span> <span class='ocrx_word' id='word_1_268' title='bbox 292 1356 406 1376; x_wconf 88' lang='grc' dir='ltr'>ενεστι</span> <span class='ocrx_word' id='word_1_269' title='bbox 419 1342 508 1385; x_wconf 85' lang='grc' dir='ltr'>νοῦς,</span> <span class='ocrx_word' id='word_1_270' title='bbox 524 1337 700 1386; x_wconf 86' lang='grc' dir='ltr'>ἐπιστήμη</span> <span class='ocrx_word' id='word_1_271' title='bbox 718 1336 760 1376; x_wconf 81' lang='grc' dir='ltr'>ἂν</span> <span class='ocrx_word' id='word_1_272' title='bbox 779 1355 835 1376; x_wconf 87' lang='grc' dir='ltr'>και</span> <span class='ocrx_word' id='word_1_273' title='bbox 851 1339 886 1375; x_wconf 86' lang='grc' dir='ltr'>ἐν</span> <span class='ocrx_word' id='word_1_274' title='bbox 900 1355 1034 1378; x_wconf 88' lang='grc' dir='ltr'>τουτοις</span> <span class='ocrx_word' id='word_1_275' title='bbox 1049 1356 1108 1387; x_wconf 82' lang='grc' dir='ltr'>ειη,</span> <span class='ocrx_word' id='word_1_276' title='bbox 1125 1355 1181 1376; x_wconf 92' lang='grc' dir='ltr'>και</span> <span class='ocrx_word' id='word_1_277' title='bbox 1200 1343 1408 1389; x_wconf 82' lang='grc' dir='ltr'>γεωμετρεῖν</span> <span class='ocrx_word' id='word_1_278' title='bbox 1420 1339 1462 1378; x_wconf 81' lang='grc' dir='ltr'>ἂν</span> <span class='ocrx_word' id='word_1_279' title='bbox 1477 1340 1527 1388; x_wconf 82' lang='grc' dir='ltr'>ε’ίη</span> <span class='ocrx_word' id='word_1_280' title='bbox 1542 1345 1652 1378; x_wconf 87' lang='grc' dir='ltr'>ταῦτα</span> <span class='ocrx_word' id='word_1_281' title='bbox 1667 1359 1723 1379; x_wconf 88' lang='grc' dir='ltr'>και</span> <span class='ocrx_word' id='word_1_282' title='bbox 1743 1343 1900 1392; x_wconf 80' lang='grc' dir='ltr'>ἀριθμεῖν</span> 
     </span>
     <span class='ocr_line' id='line_1_22' title="bbox 165 1392 1900 1447; baseline 0.002 -15"><span class='ocrx_word' id='word_1_283' title='bbox 165 1411 222 1432; x_wconf 86' lang='grc' dir='ltr'>και</span> <span class='ocrx_word' id='word_1_284' title='bbox 242 1395 373 1432; x_wconf 89' lang='grc' dir='ltr'>δίκαιον</span> <span class='ocrx_word' id='word_1_285' title='bbox 388 1411 444 1431; x_wconf 92' lang='grc' dir='ltr'>και</span> <span class='ocrx_word' id='word_1_286' title='bbox 464 1393 582 1431; x_wconf 76' lang='grc' dir='ltr'>ἄδικον</span> <span class='ocrx_word' id='word_1_287' title='bbox 600 1411 656 1431; x_wconf 89' lang='grc' dir='ltr'>και</span> <span class='ocrx_word' id='word_1_288' title='bbox 675 1392 786 1431; x_wconf 83' lang='grc' dir='ltr'>καλὸν</span> <span class='ocrx_word' id='word_1_289' title='bbox 805 1395 861 1431; x_wconf 79' lang='grc' dir='ltr'>καὶ</span> <span class='ocrx_word' id='word_1_290' title='bbox 881 1396 1022 1445; x_wconf 89' lang='grc' dir='ltr'>φαῦλον</span> <span class='ocrx_word' id='word_1_291' title='bbox 1037 1394 1159 1432; x_wconf 81' lang='grc' dir='ltr'>εἶδεναι</span> <span class='ocrx_word' id='word_1_292' title='bbox 1178 1411 1282 1435; x_wconf 85' lang='grc' dir='ltr'>κυνας</span> <span class='ocrx_word' id='word_1_293' title='bbox 1302 1413 1359 1433; x_wconf 87' lang='grc' dir='ltr'>και</span> <span class='ocrx_word' id='word_1_294' title='bbox 1377 1412 1543 1445; x_wconf 86' lang='grc' dir='ltr'>γερανους</span> <span class='ocrx_word' id='word_1_295' title='bbox 1559 1413 1615 1434; x_wconf 89' lang='grc' dir='ltr'>και</span> <span class='ocrx_word' id='word_1_296' title='bbox 1634 1397 1827 1447; x_wconf 81' lang='grc' dir='ltr'>μύρμηκας,</span> <span class='ocrx_word' id='word_1_297' title='bbox 1844 1399 1900 1436; x_wconf 79' lang='grc' dir='ltr'>καὶ</span> 
     </span>
     <span class='ocr_line' id='line_1_23' title="bbox 165 1448 1900 1502; baseline 0.002 -14"><span class='ocrx_word' id='word_1_298' title='bbox 165 1449 210 1488; x_wconf 80' lang='grc' dir='ltr'>τὰ</span> <span class='ocrx_word' id='word_1_299' title='bbox 228 1449 338 1488; x_wconf 84' lang='grc' dir='ltr'>λοιπὰ</span> <span class='ocrx_word' id='word_1_300' title='bbox 356 1453 427 1487; x_wconf 82' lang='grc' dir='ltr'>τῶν</span> <span class='ocrx_word' id='word_1_301' title='bbox 447 1448 552 1498; x_wconf 73' lang='grc' dir='ltr'>ζώων,</span> <span class='ocrx_word' id='word_1_302' title='bbox 569 1466 624 1486; x_wconf 89' lang='grc' dir='ltr'>και</span> <span class='ocrx_word' id='word_1_303' title='bbox 642 1449 679 1486; x_wconf 88' lang='grc' dir='ltr'>τί</span> <span class='ocrx_word' id='word_1_304' title='bbox 694 1466 757 1497; x_wconf 90' lang='grc' dir='ltr'>μεν</span> <span class='ocrx_word' id='word_1_305' title='bbox 776 1448 933 1499; x_wconf 83' lang='grc' dir='ltr'>γραμμή,</span> <span class='ocrx_word' id='word_1_306' title='bbox 948 1449 984 1486; x_wconf 85' lang='grc' dir='ltr'>τί</span> <span class='ocrx_word' id='word_1_307' title='bbox 1001 1448 1036 1487; x_wconf 77' lang='grc' dir='ltr'>δὲ</span> <span class='ocrx_word' id='word_1_308' title='bbox 1057 1453 1203 1498; x_wconf 89' lang='grc' dir='ltr'>σημεῖον</span> <span class='ocrx_word' id='word_1_309' title='bbox 1223 1450 1356 1488; x_wconf 83' lang='grc' dir='ltr'>εὶδεναι</span> <span class='ocrx_word' id='word_1_310' title='bbox 1388 1451 1448 1489; x_wconf 91' lang='grc' dir='ltr'>καί</span> <span class='ocrx_word' id='word_1_311' title='bbox 1463 1468 1504 1500; x_wconf 92' lang='grc' dir='ltr'>γε</span> <span class='ocrx_word' id='word_1_312' title='bbox 1523 1451 1603 1492; x_wconf 82' lang='grc' dir='ltr'>τοῦς</span> <span class='ocrx_word' id='word_1_313' title='bbox 1622 1469 1700 1502; x_wconf 89' lang='grc' dir='ltr'>περι</span> <span class='ocrx_word' id='word_1_314' title='bbox 1720 1453 1900 1502; x_wconf 86' lang='grc' dir='ltr'>τριγώνων</span> 
     </span>
     <span class='ocr_line' id='line_1_24' title="bbox 164 1503 1899 1555; baseline 0.002 -12"><span class='ocrx_word' id='word_1_315' title='bbox 164 1522 221 1543; x_wconf 86' lang='grc' dir='ltr'>και</span> <span class='ocrx_word' id='word_1_316' title='bbox 239 1505 470 1554; x_wconf 84' lang='grc' dir='ltr'>τετραγώνων</span> <span class='ocrx_word' id='word_1_317' title='bbox 486 1507 702 1555; x_wconf 79' lang='grc' dir='ltr'>φιλοσοφεῖν</span> <span class='ocrx_word' id='word_1_318' title='bbox 721 1503 862 1553; x_wconf 88' lang='grc' dir='ltr'>λόγους,</span> <span class='ocrx_word' id='word_1_319' title='bbox 877 1503 1001 1542; x_wconf 74' lang='grc' dir='ltr'>ἄλλων</span> <span class='ocrx_word' id='word_1_320' title='bbox 1021 1503 1063 1552; x_wconf 82' lang='grc' dir='ltr'>δή</span> <span class='ocrx_word' id='word_1_321' title='bbox 1082 1522 1186 1543; x_wconf 89' lang='grc' dir='ltr'>τινων</span> <span class='ocrx_word' id='word_1_322' title='bbox 1206 1506 1321 1544; x_wconf 82' lang='grc' dir='ltr'>αὐτῶν</span> <span class='ocrx_word' id='word_1_323' title='bbox 1340 1507 1376 1544; x_wconf 85' lang='grc' dir='ltr'>ἐν</span> <span class='ocrx_word' id='word_1_324' title='bbox 1395 1505 1604 1555; x_wconf 80' lang='grc' dir='ltr'>ἐπιστήμαις</span> <span class='ocrx_word' id='word_1_325' title='bbox 1619 1507 1741 1554; x_wconf 77' lang='grc' dir='ltr'>ὄντων,</span> <span class='ocrx_word' id='word_1_326' title='bbox 1759 1510 1815 1546; x_wconf 83' lang='grc' dir='ltr'>καὶ</span> <span class='ocrx_word' id='word_1_327' title='bbox 1834 1509 1899 1546; x_wconf 76' lang='grc' dir='ltr'>ἄλ-</span> 
     </span>
     <span class='ocr_line' id='line_1_25' title="bbox 164 1558 1899 1614; baseline 0.002 -16"><span class='ocrx_word' id='word_1_328' title='bbox 164 1565 240 1598; x_wconf 92' lang='grc' dir='ltr'>λων</span> <span class='ocrx_word' id='word_1_329' title='bbox 261 1564 331 1598; x_wconf 84' lang='grc' dir='ltr'>τῶν</span> <span class='ocrx_word' id='word_1_330' title='bbox 351 1561 423 1598; x_wconf 82' lang='grc' dir='ltr'>κατ’</span> <span class='ocrx_word' id='word_1_331' title='bbox 446 1559 648 1607; x_wconf 77' lang='grc' dir='ltr'>αἴσθησιν’</span> <span class='ocrx_word' id='word_1_332' title='bbox 635 1558 758 1597; x_wconf 83' lang='grc' dir='ltr'>όντων.</span> <span class='ocrx_word' id='word_1_333' title='bbox 791 1577 846 1597; x_wconf 92' lang='grc' dir='ltr'>και</span> <span class='ocrx_word' id='word_1_334' title='bbox 870 1559 993 1598; x_wconf 77' lang='grc' dir='ltr'>πολλὰ</span> <span class='ocrx_word' id='word_1_335' title='bbox 1017 1559 1059 1607; x_wconf 88' lang='grc' dir='ltr'>δή</span> <span class='ocrx_word' id='word_1_336' title='bbox 1079 1577 1156 1598; x_wconf 88' lang='grc' dir='ltr'>τινα</span> <span class='ocrx_word' id='word_1_337' title='bbox 1181 1565 1493 1611; x_wconf 82' lang='grc' dir='ltr'>πολυπραγμονεῖν</span> <span class='ocrx_word' id='word_1_338' title='bbox 1518 1563 1633 1602; x_wconf 79' lang='grc' dir='ltr'>αὐτοῖς</span> <span class='ocrx_word' id='word_1_339' title='bbox 1657 1580 1790 1611; x_wconf 87' lang='grc' dir='ltr'>γενοιτο</span> <span class='ocrx_word' id='word_1_340' title='bbox 1819 1566 1899 1614; x_wconf 83' lang='grc' dir='ltr'>περὶ</span> 
     </span>
     <span class='ocr_line' id='line_1_26' title="bbox 163 1614 1897 1667; baseline 0.003 -14"><span class='ocrx_word' id='word_1_341' title='bbox 163 1614 500 1666; x_wconf 77' lang='grc' dir='ltr'>τετραγωνισμους27</span> <span class='ocrx_word' id='word_1_342' title='bbox 515 1615 655 1652; x_wconf 87' lang='grc' dir='ltr'>κυκλων</span> <span class='ocrx_word' id='word_1_343' title='bbox 674 1632 730 1652; x_wconf 89' lang='grc' dir='ltr'>και</span> <span class='ocrx_word' id='word_1_344' title='bbox 748 1632 827 1663; x_wconf 86' lang='grc' dir='ltr'>περι</span> <span class='ocrx_word' id='word_1_345' title='bbox 847 1615 999 1664; x_wconf 85' lang='grc' dir='ltr'>ἀστερας</span> <span class='ocrx_word' id='word_1_346' title='bbox 1019 1616 1046 1653; x_wconf 86' lang='grc' dir='ltr'>δ’</span> <span class='ocrx_word' id='word_1_347' title='bbox 1064 1614 1107 1653; x_wconf 82' lang='grc' dir='ltr'>ἂν</span> <span class='ocrx_word' id='word_1_348' title='bbox 1126 1617 1257 1667; x_wconf 84' lang='grc' dir='ltr'>σφίσιν</span> <span class='ocrx_word' id='word_1_349' title='bbox 1278 1617 1409 1663; x_wconf 80' lang='grc' dir='ltr'>(αὐτοῖς</span> <span class='ocrx_word' id='word_1_350' title='bbox 1429 1618 1545 1656; x_wconf 75' lang='lat' dir='ltr'>addit</span> <span class='ocrx_word' id='word_1_351' title='bbox 1561 1618 1654 1656; x_wconf 81' lang='lat' dir='ltr'>Vat.</span> <span class='ocrx_word' id='word_1_352' title='bbox 1673 1632 1765 1657; x_wconf 85' lang='lat' dir='ltr'>Cum</span> <span class='ocrx_word' id='word_1_353' title='bbox 1787 1619 1878 1658; x_wconf 84' lang='lat' dir='ltr'>Par.</span> <span class='ocrx_word' id='word_1_354' title='bbox 1885 1621 1897 1665; x_wconf 84' lang='grc'>)</span> 
     </span>
     <span class='ocr_line' id='line_1_27' title="bbox 162 1669 1897 1721; baseline 0.001 -12"><span class='ocrx_word' id='word_1_355' title='bbox 162 1688 298 1721; x_wconf 91' lang='grc' dir='ltr'>γενοιτο</span> <span class='ocrx_word' id='word_1_356' title='bbox 317 1686 506 1721; x_wconf 85' lang='grc' dir='ltr'>κεχῃνεναι,</span> <span class='ocrx_word' id='word_1_357' title='bbox 525 1672 660 1721; x_wconf 82' lang='grc' dir='ltr'>τροφῆς</span> <span class='ocrx_word' id='word_1_358' title='bbox 680 1669 937 1720; x_wconf 85' lang='grc' dir='ltr'>ὠλιγωρηκόσι,</span> <span class='ocrx_word' id='word_1_359' title='bbox 957 1688 1013 1708; x_wconf 89' lang='grc' dir='ltr'>και</span> <span class='ocrx_word' id='word_1_360' title='bbox 1039 1675 1100 1708; x_wconf 93' lang='grc' dir='ltr'>τοῦ</span> <span class='ocrx_word' id='word_1_361' title='bbox 1119 1671 1264 1717; x_wconf 85' lang='grc' dir='ltr'>βλεπειν</span> <span class='ocrx_word' id='word_1_362' title='bbox 1284 1671 1421 1718; x_wconf 52' lang='lat' dir='ltr'>zeh-(0²³,</span> <span class='ocrx_word' id='word_1_363' title='bbox 1442 1689 1498 1710; x_wconf 87' lang='grc' dir='ltr'>και</span> <span class='ocrx_word' id='word_1_364' title='bbox 1517 1672 1687 1713; x_wconf 86' lang='grc' dir='ltr'>συνόδους</span> <span class='ocrx_word' id='word_1_365' title='bbox 1707 1674 1820 1712; x_wconf 83' lang='grc' dir='ltr'>αὐτῶν</span> <span class='ocrx_word' id='word_1_366' title='bbox 1842 1690 1897 1712; x_wconf 90' lang='grc' dir='ltr'>και</span> 
     </span>
     <span class='ocr_line' id='line_1_28' title="bbox 163 1724 1897 1779; baseline 0.002 -15"><span class='ocrx_word' id='word_1_367' title='bbox 163 1726 392 1772; x_wconf 80' lang='grc' dir='ltr'>ἀποστάσεις,</span> <span class='ocrx_word' id='word_1_368' title='bbox 407 1727 464 1763; x_wconf 77' lang='grc' dir='ltr'>καὶ</span> <span class='ocrx_word' id='word_1_369' title='bbox 483 1724 527 1763; x_wconf 79' lang='grc' dir='ltr'>τὰ</span> <span class='ocrx_word' id='word_1_370' title='bbox 546 1727 703 1763; x_wconf 87' lang='grc' dir='ltr'>ἐντεῦθεν</span> <span class='ocrx_word' id='word_1_371' title='bbox 722 1727 966 1773; x_wconf 81' lang='grc' dir='ltr'>συμβαίνοντα</span> <span class='ocrx_word' id='word_1_372' title='bbox 979 1725 1027 1774; x_wconf 85' lang='grc' dir='ltr'>μὴ</span> <span class='ocrx_word' id='word_1_373' title='bbox 1043 1727 1181 1775; x_wconf 81' lang='grc' dir='ltr'>ἀγνοεῖν</span> <span class='ocrx_word' id='word_1_374' title='bbox 1199 1726 1340 1775; x_wconf 79' lang='grc' dir='ltr'>ἐθέλειν,</span> <span class='ocrx_word' id='word_1_375' title='bbox 1355 1727 1434 1775; x_wconf 85' lang='grc' dir='ltr'>μήδ’</span> <span class='ocrx_word' id='word_1_376' title='bbox 1451 1728 1494 1765; x_wconf 78' lang='grc' dir='ltr'>αὖ</span> <span class='ocrx_word' id='word_1_377' title='bbox 1511 1728 1586 1766; x_wconf 81' lang='grc' dir='ltr'>εἴτι</span> <span class='ocrx_word' id='word_1_378' title='bbox 1606 1728 1722 1777; x_wconf 80' lang='grc' dir='ltr'>ἕτερον</span> <span class='ocrx_word' id='word_1_379' title='bbox 1742 1729 1837 1779; x_wconf 81' lang='grc' dir='ltr'>(μηδ’</span> <span class='ocrx_word' id='word_1_380' title='bbox 1855 1728 1897 1767; x_wconf 80' lang='grc' dir='ltr'>ἂν</span> 
     </span>
     <span class='ocr_line' id='line_1_29' title="bbox 163 1780 1895 1832; baseline 0.002 -12"><span class='ocrx_word' id='word_1_381' title='bbox 163 1781 196 1820; x_wconf 78' lang='grc' dir='ltr'>εἴ</span> <span class='ocrx_word' id='word_1_382' title='bbox 206 1799 257 1822; x_wconf 90' lang='grc' dir='ltr'>τις</span> <span class='ocrx_word' id='word_1_383' title='bbox 272 1782 388 1831; x_wconf 80' lang='grc' dir='ltr'>ἕτερον</span> <span class='ocrx_word' id='word_1_384' title='bbox 400 1781 509 1832; x_wconf 83' lang='lat' dir='ltr'>Vat.)</span> <span class='ocrx_word' id='word_1_385' title='bbox 528 1782 607 1830; x_wconf 83' lang='grc' dir='ltr'>περὶ</span> <span class='ocrx_word' id='word_1_386' title='bbox 628 1780 771 1832; x_wconf 81' lang='grc' dir='ltr'>φύσεως</span> <span class='ocrx_word' id='word_1_387' title='bbox 785 1782 841 1818; x_wconf 81' lang='grc' dir='ltr'>καὶ</span> <span class='ocrx_word' id='word_1_388' title='bbox 855 1784 925 1819; x_wconf 84' lang='grc' dir='ltr'>τῶν</span> <span class='ocrx_word' id='word_1_389' title='bbox 939 1782 1011 1828; x_wconf 90' lang='grc' dir='ltr'>μετ’</span> <span class='ocrx_word' id='word_1_390' title='bbox 1027 1781 1134 1829; x_wconf 84' lang='grc' dir='ltr'>αὐτὴν</span> <span class='ocrx_word' id='word_1_391' title='bbox 1153 1782 1225 1827; x_wconf 82' lang='grc' dir='ltr'>(καὶ</span> <span class='ocrx_word' id='word_1_392' title='bbox 1241 1781 1326 1832; x_wconf 72' lang='grc' dir='ltr'>ὑπὲρ</span> <span class='ocrx_word' id='word_1_393' title='bbox 1341 1782 1449 1831; x_wconf 83' lang='grc' dir='ltr'>αὐτὴν</span> <span class='ocrx_word' id='word_1_394' title='bbox 1463 1783 1624 1822; x_wconf 83' lang='lat' dir='ltr'>addunt</span> <span class='ocrx_word' id='word_1_395' title='bbox 1638 1784 1730 1823; x_wconf 79' lang='lat' dir='ltr'>Vat.</span> <span class='ocrx_word' id='word_1_396' title='bbox 1747 1791 1788 1823; x_wconf 77' lang='lat' dir='ltr'>et</span> <span class='ocrx_word' id='word_1_397' title='bbox 1805 1785 1895 1824; x_wconf 82' lang='lat' dir='ltr'>Par.</span> 
     </span>
     <span class='ocr_line' id='line_1_30' title="bbox 164 1835 1894 1890; baseline 0.003 -17"><span class='ocrx_word' id='word_1_398' title='bbox 164 1838 285 1885; x_wconf 81' lang='lat' dir='ltr'>bene)</span> <span class='ocrx_word' id='word_1_399' title='bbox 300 1836 479 1888; x_wconf 79' lang='grc' dir='ltr'>ἐξεύρηται</span> <span class='ocrx_word' id='word_1_400' title='bbox 494 1839 542 1888; x_wconf 78' lang='grc' dir='ltr'>νῷ</span> <span class='ocrx_word' id='word_1_401' title='bbox 562 1835 631 1883; x_wconf 85' lang='grc' dir='ltr'>(νοῖ</span> <span class='ocrx_word' id='word_1_402' title='bbox 647 1836 760 1890; x_wconf 85' lang='lat' dir='ltr'>Vat.)</span> <span class='ocrx_word' id='word_1_403' title='bbox 781 1837 837 1874; x_wconf 74' lang='grc' dir='ltr'>καὶ</span> <span class='ocrx_word' id='word_1_404' title='bbox 852 1835 962 1888; x_wconf 75' lang='grc' dir='ltr'>λόγῳ.</span> <span class='ocrx_word' id='word_1_405' title='bbox 989 1838 1045 1874; x_wconf 77' lang='grc' dir='ltr'>καὶ</span> <span class='ocrx_word' id='word_1_406' title='bbox 1066 1835 1108 1885; x_wconf 90' lang='grc' dir='ltr'>δὴ</span> <span class='ocrx_word' id='word_1_407' title='bbox 1124 1837 1223 1875; x_wconf 84' lang='grc' dir='ltr'>τόνδε</span> <span class='ocrx_word' id='word_1_408' title='bbox 1241 1837 1303 1875; x_wconf 85' lang='grc' dir='ltr'>τὸν</span> <span class='ocrx_word' id='word_1_409' title='bbox 1322 1838 1433 1887; x_wconf 85' lang='grc' dir='ltr'>λόγον</span> <span class='ocrx_word' id='word_1_410' title='bbox 1452 1840 1524 1888; x_wconf 78' lang='grc' dir='ltr'>(καὶ</span> <span class='ocrx_word' id='word_1_411' title='bbox 1539 1843 1626 1888; x_wconf 89' lang='grc' dir='ltr'>γοῦν</span> <span class='ocrx_word' id='word_1_412' title='bbox 1641 1838 1740 1877; x_wconf 88' lang='grc' dir='ltr'>τόνδε</span> <span class='ocrx_word' id='word_1_413' title='bbox 1755 1839 1796 1888; x_wconf 77' lang='grc' dir='ltr'>δὴ</span> <span class='ocrx_word' id='word_1_414' title='bbox 1811 1857 1844 1878; x_wconf 91' lang='grc' dir='ltr'>τ.</span> <span class='ocrx_word' id='word_1_415' title='bbox 1860 1846 1894 1878; x_wconf 96' lang='grc' dir='ltr'>λ.</span> 
     </span>
    </p>
   </div>
   <div class='ocr_carea' id='block_1_2' title="bbox 1050 1933 1896 2012">
    <p class='ocr_par' dir='ltr' id='par_1_3' title="bbox 1050 1933 1896 2012">
     <span class='ocr_line' id='line_1_31' title="bbox 1050 1933 1896 1970; baseline 0.004 -10"><span class='ocrx_word' id='word_1_416' title='bbox 1050 1933 1124 1969; x_wconf 82' lang='lat' dir='ltr'>apud</span> <span class='ocrx_word' id='word_1_417' title='bbox 1141 1934 1212 1961; x_wconf 81' lang='lat' dir='ltr'>Biel.</span> <span class='ocrx_word' id='word_1_418' title='bbox 1225 1934 1310 1961; x_wconf 80' lang='lat' dir='ltr'>Thes.</span> <span class='ocrx_word' id='word_1_419' title='bbox 1329 1934 1350 1961; x_wconf 96' lang='lat' dir='ltr'>I.</span> <span class='ocrx_word' id='word_1_420' title='bbox 1366 1944 1393 1970; x_wconf 95' lang='lat' dir='ltr'>p.</span> <span class='ocrx_word' id='word_1_421' title='bbox 1408 1935 1474 1970; x_wconf 84' lang='lat'>516.</span> <span class='ocrx_word' id='word_1_422' title='bbox 1491 1941 1519 1962; x_wconf 89' lang='lat' dir='ltr'>et</span> <span class='ocrx_word' id='word_1_423' title='bbox 1533 1935 1724 1963; x_wconf 85' lang='lat' dir='ltr'>Jacomellum</span> <span class='ocrx_word' id='word_1_424' title='bbox 1741 1936 1775 1963; x_wconf 85' lang='lat' dir='ltr'>ad</span> <span class='ocrx_word' id='word_1_425' title='bbox 1791 1936 1896 1963; x_wconf 83' lang='lat' dir='ltr'>Joann.</span> 
     </span>
     <span class='ocr_line' id='line_1_32' title="bbox 1051 1974 1895 2012; baseline 0.005 -12"><span class='ocrx_word' id='word_1_426' title='bbox 1051 1974 1197 2010; x_wconf 54' lang='lat' dir='ltr'>Chrysost.</span> <span class='ocrx_word' id='word_1_427' title='bbox 1214 1974 1248 2001; x_wconf 81' lang='lat' dir='ltr'>de</span> <span class='ocrx_word' id='word_1_428' title='bbox 1265 1974 1413 2001; x_wconf 78' lang='lat' dir='ltr'>Sacerdot.</span> <span class='ocrx_word' id='word_1_429' title='bbox 1429 1985 1456 2011; x_wconf 92' lang='lat' dir='ltr'>p.</span> <span class='ocrx_word' id='word_1_430' title='bbox 1469 1984 1516 2011; x_wconf 82' lang='lat'>53.</span> <span class='ocrx_word' id='word_1_431' title='bbox 1533 1985 1592 2011; x_wconf 81' lang='lat' dir='ltr'>seq.</span> <span class='ocrx_word' id='word_1_432' title='bbox 1637 1977 1731 2012; x_wconf 80' lang='lat' dir='ltr'>Atque</span> <span class='ocrx_word' id='word_1_433' title='bbox 1753 1976 1813 2012; x_wconf 83' lang='lat' dir='ltr'>ipse</span> <span class='ocrx_word' id='word_1_434' title='bbox 1836 1977 1895 2004; x_wconf 73' lang='lat' dir='ltr'>Na-</span> 
     </span>
    </p>
   </div>
   <div class='ocr_carea' id='block_1_3' title="bbox 164 1932 1009 2009">
    <p class='ocr_par' dir='ltr' id='par_1_4' title="bbox 164 1932 1009 2009">
     <span class='ocr_line' id='line_1_33' title="bbox 164 1932 1009 1969; baseline -0.001 -9"><span class='ocrx_word' id='word_1_435' title='bbox 164 1933 286 1960; x_wconf 57' lang='lat' dir='ltr'>solertiae</span> <span class='ocrx_word' id='word_1_436' title='bbox 307 1932 473 1960; x_wconf 83' lang='lat' dir='ltr'>animalium</span> <span class='ocrx_word' id='word_1_437' title='bbox 494 1932 623 1969; x_wconf 81' lang='lat' dir='ltr'>exempla</span> <span class='ocrx_word' id='word_1_438' title='bbox 642 1933 726 1969; x_wconf 83' lang='lat' dir='ltr'>hujus</span> <span class='ocrx_word' id='word_1_439' title='bbox 745 1933 835 1959; x_wconf 66' lang='lat' dir='ltr'>aetatis</span> <span class='ocrx_word' id='word_1_440' title='bbox 855 1933 1009 1969; x_wconf 79' lang='lat' dir='ltr'>scriptores</span> 
     </span>
     <span class='ocr_line' id='line_1_34' title="bbox 164 1973 1008 2009; baseline 0 -9"><span class='ocrx_word' id='word_1_441' title='bbox 164 1983 181 2000; x_wconf 80' lang='lat' dir='ltr'><strong>a</strong></span> <span class='ocrx_word' id='word_1_442' title='bbox 197 1973 359 2004; x_wconf 76' lang='lat' dir='ltr'>Plutarcho,</span> <span class='ocrx_word' id='word_1_443' title='bbox 376 1973 501 2004; x_wconf 56' lang='grc' dir='ltr'>ΔΕΗεηιο,</span> <span class='ocrx_word' id='word_1_444' title='bbox 522 1973 582 1999; x_wconf 83' lang='lat' dir='ltr'>aliis</span> <span class='ocrx_word' id='word_1_445' title='bbox 605 1973 748 2009; x_wconf 82' lang='lat' dir='ltr'>hodieque</span> <span class='ocrx_word' id='word_1_446' title='bbox 772 1973 862 2000; x_wconf 79' lang='lat' dir='ltr'>obviis</span> <span class='ocrx_word' id='word_1_447' title='bbox 885 1974 1008 2000; x_wconf 83' lang='lat' dir='ltr'>auctori-</span> 
     </span>
    </p>
   </div>
   <div class='ocr_carea' id='block_1_4' title="bbox 162 2013 1008 2776">
    <p class='ocr_par' dir='ltr' id='par_1_5' title="bbox 164 2013 1008 2131">
     <span class='ocr_line' id='line_1_35' title="bbox 164 2013 1008 2050; baseline 0 -9"><span class='ocrx_word' id='word_1_448' title='bbox 164 2014 217 2041; x_wconf 81' lang='lat' dir='ltr'>bus</span> <span class='ocrx_word' id='word_1_449' title='bbox 232 2014 366 2040; x_wconf 68' lang='lat' dir='ltr'>sumsisse</span> <span class='ocrx_word' id='word_1_450' title='bbox 381 2013 427 2040; x_wconf 73' lang='lat' dir='ltr'>vel</span> <span class='ocrx_word' id='word_1_451' title='bbox 441 2023 514 2040; x_wconf 85' lang='lat' dir='ltr'>unus</span> <span class='ocrx_word' id='word_1_452' title='bbox 529 2013 650 2040; x_wconf 79' lang='lat' dir='ltr'>Manuel</span> <span class='ocrx_word' id='word_1_453' title='bbox 663 2013 755 2040; x_wconf 76' lang='lat' dir='ltr'>Philes</span> <span class='ocrx_word' id='word_1_454' title='bbox 770 2023 1008 2050; x_wconf 82' lang='lat' dir='ltr'>unumquemque</span> 
     </span>
     <span class='ocr_line' id='line_1_36' title="bbox 164 2053 1006 2090; baseline 0 -9"><span class='ocrx_word' id='word_1_455' title='bbox 164 2054 277 2086; x_wconf 76' lang='lat' dir='ltr'>doceat,</span> <span class='ocrx_word' id='word_1_456' title='bbox 295 2054 342 2090; x_wconf 91' lang='lat' dir='ltr'>qui</span> <span class='ocrx_word' id='word_1_457' title='bbox 358 2053 548 2080; x_wconf 59' lang='lat' dir='ltr'>Nathanaelis</span> <span class='ocrx_word' id='word_1_458' title='bbox 569 2054 659 2081; x_wconf 83' lang='lat' dir='ltr'>nostri</span> <span class='ocrx_word' id='word_1_459' title='bbox 675 2054 791 2090; x_wconf 75' lang='lat' dir='ltr'>aequalis</span> <span class='ocrx_word' id='word_1_460' title='bbox 807 2054 875 2081; x_wconf 79' lang='lat' dir='ltr'>illud</span> <span class='ocrx_word' id='word_1_461' title='bbox 891 2063 1006 2082; x_wconf 81' lang='lat' dir='ltr'>carmen</span> 
     </span>
     <span class='ocr_line' id='line_1_37' title="bbox 164 2093 767 2131; baseline -0.002 -9"><span class='ocrx_word' id='word_1_462' title='bbox 164 2094 200 2122; x_wconf 86' lang='lat' dir='ltr'>de</span> <span class='ocrx_word' id='word_1_463' title='bbox 215 2095 389 2130; x_wconf 80' lang='lat' dir='ltr'>proprietate</span> <span class='ocrx_word' id='word_1_464' title='bbox 404 2093 572 2121; x_wconf 78' lang='lat' dir='ltr'>animalium</span> <span class='ocrx_word' id='word_1_465' title='bbox 587 2094 767 2131; x_wconf 78' lang='lat' dir='ltr'>conscripsit.</span> 
     </span>
    </p>

    <p class='ocr_par' dir='ltr' id='par_1_6' title="bbox 205 2134 525 2168">
     <span class='ocr_line' id='line_1_38' title="bbox 205 2134 525 2168; baseline -0.003 -7"><span class='ocrx_word' id='word_1_466' title='bbox 205 2140 220 2153; x_wconf 90' lang='lat' dir='ltr'>u</span> <span class='ocrx_word' id='word_1_467' title='bbox 243 2135 314 2162; x_wconf 90' lang='lat' dir='ltr'>Cod.</span> <span class='ocrx_word' id='word_1_468' title='bbox 335 2134 398 2161; x_wconf 83' lang='lat' dir='ltr'>Par.</span> <span class='ocrx_word' id='word_1_469' title='bbox 414 2134 471 2160; x_wconf 81' lang='grc' dir='ltr'>ὅποι</span> <span class='ocrx_word' id='word_1_470' title='bbox 486 2134 525 2168; x_wconf 84' lang='grc' dir='ltr'>δὴ.</span> 
     </span>
    </p>

    <p class='ocr_par' dir='ltr' id='par_1_7' title="bbox 162 2173 1008 2776">
     <span class='ocr_line' id='line_1_39' title="bbox 204 2173 1007 2211; baseline 0.001 -10"><span class='ocrx_word' id='word_1_471' title='bbox 204 2173 231 2195; x_wconf 72' lang='lat'>⁴2⁴</span> <span class='ocrx_word' id='word_1_472' title='bbox 254 2175 285 2202; x_wconf 93' lang='lat' dir='ltr'>Id</span> <span class='ocrx_word' id='word_1_473' title='bbox 302 2181 355 2203; x_wconf 78' lang='lat' dir='ltr'>cst.</span> <span class='ocrx_word' id='word_1_474' title='bbox 372 2175 399 2201; x_wconf 87' lang='lat' dir='ltr'>in</span> <span class='ocrx_word' id='word_1_475' title='bbox 416 2184 479 2210; x_wconf 77' lang='lat' dir='ltr'>quae</span> <span class='ocrx_word' id='word_1_476' title='bbox 494 2183 576 2201; x_wconf 87' lang='lat' dir='ltr'>mens</span> <span class='ocrx_word' id='word_1_477' title='bbox 587 2179 710 2210; x_wconf 79' lang='lat' dir='ltr'>penetrat</span> <span class='ocrx_word' id='word_1_478' title='bbox 732 2184 755 2202; x_wconf 83' lang='lat' dir='ltr'>s.</span> <span class='ocrx_word' id='word_1_479' title='bbox 772 2175 892 2211; x_wconf 79' lang='lat' dir='ltr'><em>inquirit.</em></span> <span class='ocrx_word' id='word_1_480' title='bbox 936 2175 1007 2202; x_wconf 88' lang='lat' dir='ltr'>Pro-</span> 
     </span>
     <span class='ocr_line' id='line_1_40' title="bbox 163 2215 1008 2253; baseline 0.001 -12"><span class='ocrx_word' id='word_1_481' title='bbox 163 2215 257 2253; x_wconf 87' lang='lat' dir='ltr'>prium</span> <span class='ocrx_word' id='word_1_482' title='bbox 283 2215 363 2242; x_wconf 72' lang='lat' dir='ltr'>verbi</span> <span class='ocrx_word' id='word_1_483' title='bbox 389 2224 470 2241; x_wconf 85' lang='lat' dir='ltr'>usum</span> <span class='ocrx_word' id='word_1_484' title='bbox 497 2215 593 2241; x_wconf 85' lang='lat' dir='ltr'>nullus</span> <span class='ocrx_word' id='word_1_485' title='bbox 620 2215 700 2242; x_wconf 84' lang='lat' dir='ltr'>locus</span> <span class='ocrx_word' id='word_1_486' title='bbox 725 2215 856 2242; x_wconf 80' lang='lat' dir='ltr'>disertius</span> <span class='ocrx_word' id='word_1_487' title='bbox 881 2215 1008 2242; x_wconf 72' lang='lat' dir='ltr'>declarat</span> 
     </span>
     <span class='ocr_line' id='line_1_41' title="bbox 165 2254 1006 2292; baseline 0.002 -10"><span class='ocrx_word' id='word_1_488' title='bbox 165 2265 251 2292; x_wconf 83' lang='lat' dir='ltr'>quam</span> <span class='ocrx_word' id='word_1_489' title='bbox 275 2255 320 2282; x_wconf 84' lang='lat' dir='ltr'>hic</span> <span class='ocrx_word' id='word_1_490' title='bbox 343 2255 473 2282; x_wconf 69' lang='lat' dir='ltr'>Aristidis</span> <span class='ocrx_word' id='word_1_491' title='bbox 489 2254 569 2282; x_wconf 83' lang='lat' dir='ltr'>Orat.</span> <span class='ocrx_word' id='word_1_492' title='bbox 585 2255 614 2281; x_wconf 85' lang='lat' dir='ltr'>in</span> <span class='ocrx_word' id='word_1_493' title='bbox 630 2255 754 2282; x_wconf 80' lang='lat' dir='ltr'>Minerv.</span> <span class='ocrx_word' id='word_1_494' title='bbox 772 2256 792 2282; x_wconf 91' lang='grc' dir='ltr'>Ι.</span> <span class='ocrx_word' id='word_1_495' title='bbox 815 2266 832 2292; x_wconf 89' lang='lat' dir='ltr'>p</span> <span class='ocrx_word' id='word_1_496' title='bbox 862 2265 905 2284; x_wconf 82' lang='lat'>10.</span> <span class='ocrx_word' id='word_1_497' title='bbox 921 2256 1006 2284; x_wconf 80' lang='lat' dir='ltr'>Jebb.</span> 
     </span>
     <span class='ocr_line' id='line_1_42' title="bbox 164 2296 1007 2330; baseline 0 -7"><span class='ocrx_word' id='word_1_498' title='bbox 164 2297 267 2323; x_wconf 78' lang='grc' dir='ltr'>καὶτῶν</span> <span class='ocrx_word' id='word_1_499' title='bbox 281 2297 419 2330; x_wconf 79' lang='grc' dir='ltr'>ἀνθρώπων</span> <span class='ocrx_word' id='word_1_500' title='bbox 433 2296 491 2321; x_wconf 76' lang='grc' dir='ltr'>ὅσοι</span> <span class='ocrx_word' id='word_1_501' title='bbox 510 2296 641 2329; x_wconf 79' lang='grc' dir='ltr'>θεοφιλεῖς</span> <span class='ocrx_word' id='word_1_502' title='bbox 661 2296 704 2321; x_wconf 79' lang='grc' dir='ltr'>οὐκ</span> <span class='ocrx_word' id='word_1_503' title='bbox 721 2296 786 2329; x_wconf 70' lang='grc' dir='ltr'>’Ἃτη</span> <span class='ocrx_word' id='word_1_504' title='bbox 807 2299 883 2322; x_wconf 80' lang='grc' dir='ltr'>πατεῖ</span> <span class='ocrx_word' id='word_1_505' title='bbox 904 2298 948 2324; x_wconf 81' lang='grc' dir='ltr'>τὰς</span> <span class='ocrx_word' id='word_1_506' title='bbox 968 2309 1007 2323; x_wconf 85' lang='grc' dir='ltr'>κε-</span> 
     </span>
     <span class='ocr_line' id='line_1_43' title="bbox 164 2335 1006 2372; baseline 0 -9"><span class='ocrx_word' id='word_1_507' title='bbox 164 2338 260 2372; x_wconf 78' lang='grc' dir='ltr'>φαλὰς,</span> <span class='ocrx_word' id='word_1_508' title='bbox 275 2336 366 2369; x_wconf 75' lang='grc' dir='ltr'>Ἀθηνᾶ</span> <span class='ocrx_word' id='word_1_509' title='bbox 385 2337 411 2362; x_wconf 82' lang='grc' dir='ltr'>δέ</span> <span class='ocrx_word' id='word_1_510' title='bbox 433 2336 517 2370; x_wconf 77' lang='grc' dir='ltr'>ἀνέχει</span> <span class='ocrx_word' id='word_1_511' title='bbox 540 2337 578 2361; x_wconf 87' lang='grc' dir='ltr'>καὶ</span> <span class='ocrx_word' id='word_1_512' title='bbox 599 2335 739 2369; x_wconf 73' lang='grc' dir='ltr'>ἐμβατεύει,</span> <span class='ocrx_word' id='word_1_513' title='bbox 757 2339 870 2371; x_wconf 77' lang='grc' dir='ltr'>τηροῦσα</span> <span class='ocrx_word' id='word_1_514' title='bbox 890 2339 920 2363; x_wconf 86' lang='grc' dir='ltr'>τὸ</span> <span class='ocrx_word' id='word_1_515' title='bbox 942 2337 1006 2370; x_wconf 72' lang='grc' dir='ltr'>σύμ-</span> 
     </span>
     <span class='ocr_line' id='line_1_44' title="bbox 162 2375 1007 2411; baseline 0.001 -8"><span class='ocrx_word' id='word_1_516' title='bbox 162 2380 244 2409; x_wconf 81' lang='grc' dir='ltr'>βολον</span> <span class='ocrx_word' id='word_1_517' title='bbox 259 2378 302 2410; x_wconf 79' lang='grc' dir='ltr'>τῆς</span> <span class='ocrx_word' id='word_1_518' title='bbox 316 2377 449 2411; x_wconf 76' lang='grc' dir='ltr'>γενέσεως.</span> <span class='ocrx_word' id='word_1_519' title='bbox 487 2375 633 2407; x_wconf 72' lang='lat' dir='ltr'>(Colorem</span> <span class='ocrx_word' id='word_1_520' title='bbox 650 2386 682 2402; x_wconf 57' lang='lat' dir='ltr'>ex</span> <span class='ocrx_word' id='word_1_521' title='bbox 701 2376 841 2403; x_wconf 78' lang='lat' dir='ltr'>Convivio</span> <span class='ocrx_word' id='word_1_522' title='bbox 859 2377 1007 2405; x_wconf 77' lang='lat' dir='ltr'>Platonico</span> 
     </span>
     <span class='ocr_line' id='line_1_45' title="bbox 164 2416 1004 2453; baseline 0 -8"><span class='ocrx_word' id='word_1_523' title='bbox 164 2418 244 2445; x_wconf 86' lang='lat' dir='ltr'>duxit</span> <span class='ocrx_word' id='word_1_524' title='bbox 262 2417 405 2447; x_wconf 71' lang='lat' dir='ltr'>Arislidcs.</span> <span class='ocrx_word' id='word_1_525' title='bbox 421 2416 478 2443; x_wconf 82' lang='lat' dir='ltr'>vid.</span> <span class='ocrx_word' id='word_1_526' title='bbox 494 2425 556 2452; x_wconf 79' lang='lat' dir='ltr'>cup.</span> <span class='ocrx_word' id='word_1_527' title='bbox 574 2416 615 2442; x_wconf 77' lang='lat'>18.</span> <span class='ocrx_word' id='word_1_528' title='bbox 632 2424 657 2451; x_wconf 84' lang='lat'>5.</span> <span class='ocrx_word' id='word_1_529' title='bbox 675 2417 700 2442; x_wconf 81' lang='lat'>0.</span> <span class='ocrx_word' id='word_1_530' title='bbox 723 2426 750 2452; x_wconf 88' lang='lat' dir='ltr'>p.</span> <span class='ocrx_word' id='word_1_531' title='bbox 767 2424 813 2451; x_wconf 74' lang='lat'>59.</span> <span class='ocrx_word' id='word_1_532' title='bbox 828 2427 886 2453; x_wconf 83' lang='lat' dir='ltr'>seq.</span> <span class='ocrx_word' id='word_1_533' title='bbox 903 2418 1004 2453; x_wconf 79' lang='lat' dir='ltr'>Wolf.)</span> 
     </span>
     <span class='ocr_line' id='line_1_46' title="bbox 165 2456 1007 2494; baseline -0.001 -8"><span class='ocrx_word' id='word_1_534' title='bbox 165 2458 217 2486; x_wconf 86' lang='lat' dir='ltr'>Ille</span> <span class='ocrx_word' id='word_1_535' title='bbox 240 2458 415 2494; x_wconf 64' lang='lat' dir='ltr'>significatus</span> <span class='ocrx_word' id='word_1_536' title='bbox 436 2456 574 2483; x_wconf 75' lang='lat' dir='ltr'>scrutandi</span> <span class='ocrx_word' id='word_1_537' title='bbox 588 2456 616 2483; x_wconf 84' lang='lat' dir='ltr'>in</span> <span class='ocrx_word' id='word_1_538' title='bbox 633 2457 838 2492; x_wconf 79' lang='lat' dir='ltr'>Xenophontio</span> <span class='ocrx_word' id='word_1_539' title='bbox 855 2457 1007 2494; x_wconf 81' lang='lat' dir='ltr'>Symposio</span> 
     </span>
     <span class='ocr_line' id='line_1_47' title="bbox 164 2496 1004 2534; baseline 0 -8"><span class='ocrx_word' id='word_1_540' title='bbox 164 2499 265 2526; x_wconf 84' lang='lat' dir='ltr'>obvius</span> <span class='ocrx_word' id='word_1_541' title='bbox 282 2498 331 2524; x_wconf 81' lang='lat' dir='ltr'>IV.</span> <span class='ocrx_word' id='word_1_542' title='bbox 350 2507 394 2533; x_wconf 80' lang='lat'>27.</span> <span class='ocrx_word' id='word_1_543' title='bbox 438 2497 480 2524; x_wconf 86' lang='lat' dir='ltr'>De</span> <span class='ocrx_word' id='word_1_544' title='bbox 496 2499 575 2534; x_wconf 78' lang='lat' dir='ltr'>cujus</span> <span class='ocrx_word' id='word_1_545' title='bbox 591 2503 687 2523; x_wconf 80' lang='lat' dir='ltr'>tamen</span> <span class='ocrx_word' id='word_1_546' title='bbox 704 2496 758 2523; x_wconf 90' lang='lat' dir='ltr'>loci</span> <span class='ocrx_word' id='word_1_547' title='bbox 773 2497 898 2525; x_wconf 85' lang='lat' dir='ltr'>lectione</span> <span class='ocrx_word' id='word_1_548' title='bbox 913 2499 1004 2526; x_wconf 84' lang='lat' dir='ltr'>ambi-</span> 
     </span>
     <span class='ocr_line' id='line_1_48' title="bbox 163 2536 1006 2577; baseline 0 -11"><span class='ocrx_word' id='word_1_549' title='bbox 163 2545 235 2577; x_wconf 86' lang='lat' dir='ltr'>gunt</span> <span class='ocrx_word' id='word_1_550' title='bbox 251 2538 383 2566; x_wconf 75' lang='lat' dir='ltr'>editores.</span> <span class='ocrx_word' id='word_1_551' title='bbox 426 2537 524 2564; x_wconf 83' lang='lat' dir='ltr'>Minus</span> <span class='ocrx_word' id='word_1_552' title='bbox 542 2539 602 2574; x_wconf 78' lang='lat' dir='ltr'>jam</span> <span class='ocrx_word' id='word_1_553' title='bbox 619 2536 772 2573; x_wconf 75' lang='lat' dir='ltr'>ambigitur</span> <span class='ocrx_word' id='word_1_554' title='bbox 786 2537 821 2564; x_wconf 87' lang='lat' dir='ltr'>de</span> <span class='ocrx_word' id='word_1_555' title='bbox 836 2537 1006 2574; x_wconf 82' lang='lat' dir='ltr'>interpreta-</span> 
     </span>
     <span class='ocr_line' id='line_1_49' title="bbox 163 2577 1006 2613; baseline -0.002 -6"><span class='ocrx_word' id='word_1_556' title='bbox 163 2580 242 2607; x_wconf 83' lang='lat' dir='ltr'>tione</span> <span class='ocrx_word' id='word_1_557' title='bbox 265 2578 414 2606; x_wconf 56' lang='lat' dir='ltr'>sententiae</span> <span class='ocrx_word' id='word_1_558' title='bbox 435 2577 569 2604; x_wconf 71' lang='lat' dir='ltr'>l&#39;aullinae</span> <span class='ocrx_word' id='word_1_559' title='bbox 592 2577 672 2613; x_wconf 75' lang='lat' dir='ltr'>epist.</span> <span class='ocrx_word' id='word_1_560' title='bbox 690 2577 797 2604; x_wconf 77' lang='lat' dir='ltr'>Coloss.</span> <span class='ocrx_word' id='word_1_561' title='bbox 815 2577 851 2604; x_wconf 86' lang='lat' dir='ltr'>II.</span> <span class='ocrx_word' id='word_1_562' title='bbox 873 2578 915 2605; x_wconf 86' lang='lat'>18.</span> <span class='ocrx_word' id='word_1_563' title='bbox 937 2578 953 2605; x_wconf 87' lang='grc' dir='ltr'>ἂ</span> <span class='ocrx_word' id='word_1_564' title='bbox 973 2580 1006 2613; x_wconf 78' lang='grc' dir='ltr'>μὴ</span> 
     </span>
     <span class='ocr_line' id='line_1_50' title="bbox 163 2617 1006 2655; baseline -0.001 -8"><span class='ocrx_word' id='word_1_565' title='bbox 163 2622 270 2655; x_wconf 74' lang='grc' dir='ltr'>ἑώρακεν</span> <span class='ocrx_word' id='word_1_566' title='bbox 293 2618 447 2653; x_wconf 68' lang='grc' dir='ltr'>ἐμβατεύων,</span> <span class='ocrx_word' id='word_1_567' title='bbox 473 2628 559 2654; x_wconf 82' lang='lat' dir='ltr'>quam</span> <span class='ocrx_word' id='word_1_568' title='bbox 584 2617 714 2644; x_wconf 68' lang='lat' dir='ltr'>certatim</span> <span class='ocrx_word' id='word_1_569' title='bbox 739 2624 938 2653; x_wconf 60' lang='lat' dir='ltr'>expresserunt</span> <span class='ocrx_word' id='word_1_570' title='bbox 960 2629 1006 2646; x_wconf 88' lang='lat' dir='ltr'>ec-</span> 
     </span>
     <span class='ocr_line' id='line_1_51' title="bbox 163 2658 1008 2695; baseline 0 -8"><span class='ocrx_word' id='word_1_571' title='bbox 163 2660 257 2688; x_wconf 71' lang='lat' dir='ltr'>clesiae</span> <span class='ocrx_word' id='word_1_572' title='bbox 273 2659 434 2687; x_wconf 68' lang='lat' dir='ltr'>christianae</span> <span class='ocrx_word' id='word_1_573' title='bbox 452 2664 557 2695; x_wconf 71' lang='lat' dir='ltr'>patrcS.</span> <span class='ocrx_word' id='word_1_574' title='bbox 601 2658 665 2684; x_wconf 75' lang='lat' dir='ltr'>Vid.</span> <span class='ocrx_word' id='word_1_575' title='bbox 683 2658 848 2694; x_wconf 82' lang='lat' dir='ltr'>Interprett.</span> <span class='ocrx_word' id='word_1_576' title='bbox 863 2659 897 2685; x_wconf 83' lang='lat' dir='ltr'>ad</span> <span class='ocrx_word' id='word_1_577' title='bbox 913 2659 961 2686; x_wconf 86' lang='lat' dir='ltr'>l.l.</span> <span class='ocrx_word' id='word_1_578' title='bbox 979 2667 1008 2687; x_wconf 82' lang='lat' dir='ltr'>et</span> 
     </span>
     <span class='ocr_line' id='line_1_52' title="bbox 164 2698 1006 2735; baseline 0 -8"><span class='ocrx_word' id='word_1_579' title='bbox 164 2700 275 2727; x_wconf 84' lang='lat' dir='ltr'>Suicer.</span> <span class='ocrx_word' id='word_1_580' title='bbox 289 2700 375 2726; x_wconf 78' lang='lat' dir='ltr'>Thes.</span> <span class='ocrx_word' id='word_1_581' title='bbox 394 2699 503 2726; x_wconf 80' lang='lat' dir='ltr'>Ecclcs.</span> <span class='ocrx_word' id='word_1_582' title='bbox 518 2699 550 2725; x_wconf 86' lang='lat' dir='ltr'>T.</span> <span class='ocrx_word' id='word_1_583' title='bbox 568 2698 589 2725; x_wconf 94' lang='grc' dir='ltr'>Ι.</span> <span class='ocrx_word' id='word_1_584' title='bbox 612 2708 638 2735; x_wconf 89' lang='lat' dir='ltr'>p.</span> <span class='ocrx_word' id='word_1_585' title='bbox 660 2707 742 2734; x_wconf 84' lang='lat'>1097.</span> <span class='ocrx_word' id='word_1_586' title='bbox 785 2698 867 2725; x_wconf 85' lang='lat' dir='ltr'>Adde</span> <span class='ocrx_word' id='word_1_587' title='bbox 886 2699 1006 2727; x_wconf 47' lang='lat' dir='ltr'>Zonaras¹</span> 
     </span>
     <span class='ocr_line' id='line_1_53' title="bbox 165 2738 1006 2776; baseline -0.001 -8"><span class='ocrx_word' id='word_1_588' title='bbox 165 2741 234 2768; x_wconf 87' lang='lat' dir='ltr'>Lex.</span> <span class='ocrx_word' id='word_1_589' title='bbox 247 2741 295 2767; x_wconf 82' lang='lat' dir='ltr'>Gr.</span> <span class='ocrx_word' id='word_1_590' title='bbox 311 2740 339 2766; x_wconf 85' lang='lat' dir='ltr'>in</span> <span class='ocrx_word' id='word_1_591' title='bbox 356 2741 510 2774; x_wconf 78' lang='grc' dir='ltr'>ἐμβατεῦσαι</span> <span class='ocrx_word' id='word_1_592' title='bbox 525 2748 552 2776; x_wconf 88' lang='lat' dir='ltr'>p.</span> <span class='ocrx_word' id='word_1_593' title='bbox 564 2740 629 2773; x_wconf 81' lang='lat'>706.</span> <span class='ocrx_word' id='word_1_594' title='bbox 653 2738 751 2775; x_wconf 81' lang='lat' dir='ltr'>Cyrilli</span> <span class='ocrx_word' id='word_1_595' title='bbox 762 2738 830 2766; x_wconf 82' lang='lat' dir='ltr'>Lex.</span> <span class='ocrx_word' id='word_1_596' title='bbox 846 2748 897 2766; x_wconf 84' lang='lat' dir='ltr'>ms.</span> <span class='ocrx_word' id='word_1_597' title='bbox 912 2740 1006 2767; x_wconf 86' lang='lat' dir='ltr'>Brem.</span> 
     </span>
    </p>
   </div>
   <div class='ocr_carea' id='block_1_5' title="bbox 220 2794 379 2820">
    <p class='ocr_par' dir='ltr' id='par_1_8' title="bbox 220 2794 379 2820">
     <span class='ocr_line' id='line_1_54' title="bbox 220 2794 379 2820; baseline -0.006 -1"><span class='ocrx_word' id='word_1_598' title='bbox 220 2794 313 2820; x_wconf 87' lang='lat' dir='ltr'>voL.</span> <span class='ocrx_word' id='word_1_599' title='bbox 334 2795 379 2818; x_wconf 86' lang='grc' dir='ltr'>ΙΙ.</span> 
     </span>
    </p>
   </div>
   <div class='ocr_carea' id='block_1_6' title="bbox 1044 2014 1896 2738">
    <p class='ocr_par' dir='ltr' id='par_1_9' title="bbox 1050 2014 1895 2082">
     <span class='ocr_line' id='line_1_55' title="bbox 1050 2014 1895 2053; baseline 0.004 -12"><span class='ocrx_word' id='word_1_600' title='bbox 1050 2014 1165 2042; x_wconf 53' lang='lat' dir='ltr'>thanac]</span> <span class='ocrx_word' id='word_1_601' title='bbox 1182 2015 1313 2051; x_wconf 80' lang='lat' dir='ltr'>Apostoli</span> <span class='ocrx_word' id='word_1_602' title='bbox 1329 2016 1417 2042; x_wconf 74' lang='lat' dir='ltr'>verba.</span> <span class='ocrx_word' id='word_1_603' title='bbox 1432 2016 1521 2043; x_wconf 82' lang='lat' dir='ltr'>videri</span> <span class='ocrx_word' id='word_1_604' title='bbox 1537 2016 1625 2053; x_wconf 80' lang='lat' dir='ltr'>possit</span> <span class='ocrx_word' id='word_1_605' title='bbox 1645 2023 1712 2044; x_wconf 83' lang='lat' dir='ltr'>ante</span> <span class='ocrx_word' id='word_1_606' title='bbox 1728 2017 1826 2044; x_wconf 82' lang='lat' dir='ltr'>oculos</span> <span class='ocrx_word' id='word_1_607' title='bbox 1846 2018 1895 2044; x_wconf 85' lang='lat' dir='ltr'>ha-</span> 
     </span>
     <span class='ocr_line' id='line_1_56' title="bbox 1050 2055 1154 2082; baseline 0.01 -1"><span class='ocrx_word' id='word_1_608' title='bbox 1050 2055 1154 2082; x_wconf 78' lang='lat' dir='ltr'>buisse.</span> 
     </span>
    </p>

    <p class='ocr_par' dir='ltr' id='par_1_10' title="bbox 1049 2094 1894 2215">
     <span class='ocr_line' id='line_1_57' title="bbox 1089 2094 1894 2133; baseline 0.001 -11"><span class='ocrx_word' id='word_1_609' title='bbox 1089 2094 1117 2115; x_wconf 71' lang='lat'>25</span> <span class='ocrx_word' id='word_1_610' title='bbox 1142 2095 1252 2122; x_wconf 75' lang='lat' dir='ltr'>Passive</span> <span class='ocrx_word' id='word_1_611' title='bbox 1275 2096 1392 2133; x_wconf 81' lang='lat' dir='ltr'>vulgato</span> <span class='ocrx_word' id='word_1_612' title='bbox 1415 2096 1501 2123; x_wconf 88' lang='lat' dir='ltr'>modo</span> <span class='ocrx_word' id='word_1_613' title='bbox 1523 2097 1683 2124; x_wconf 74' lang='lat' dir='ltr'>construxit</span> <span class='ocrx_word' id='word_1_614' title='bbox 1702 2097 1821 2125; x_wconf 76' lang='lat' dir='ltr'>verbum</span> <span class='ocrx_word' id='word_1_615' title='bbox 1845 2100 1894 2124; x_wconf 82' lang='grc' dir='ltr'>λω-</span> 
     </span>
     <span class='ocr_line' id='line_1_58' title="bbox 1049 2136 1894 2173; baseline 0.005 -12"><span class='ocrx_word' id='word_1_616' title='bbox 1049 2137 1146 2167; x_wconf 78' lang='grc' dir='ltr'>βᾶσθαι</span> <span class='ocrx_word' id='word_1_617' title='bbox 1161 2136 1341 2163; x_wconf 61' lang='grc' dir='ltr'>Νοῑῇἢηῆὤι</span> <span class='ocrx_word' id='word_1_618' title='bbox 1366 2137 1578 2172; x_wconf 71' lang='lat' dir='ltr'>exquisitiorem</span> <span class='ocrx_word' id='word_1_619' title='bbox 1596 2147 1686 2169; x_wconf 78' lang='lat' dir='ltr'>usum,</span> <span class='ocrx_word' id='word_1_620' title='bbox 1704 2137 1751 2173; x_wconf 87' lang='lat' dir='ltr'>qui</span> <span class='ocrx_word' id='word_1_621' title='bbox 1767 2138 1894 2165; x_wconf 69' lang='lat' dir='ltr'>dativum</span> 
     </span>
     <span class='ocr_line' id='line_1_59' title="bbox 1051 2176 1894 2215; baseline 0.002 -12"><span class='ocrx_word' id='word_1_622' title='bbox 1051 2176 1192 2208; x_wconf 71' lang='lat' dir='ltr'>adsciscit,</span> <span class='ocrx_word' id='word_1_623' title='bbox 1204 2177 1413 2204; x_wconf 78' lang='lat' dir='ltr'>vindicavimus</span> <span class='ocrx_word' id='word_1_624' title='bbox 1427 2177 1539 2204; x_wconf 69' lang='lat' dir='ltr'>l&#39;loiino</span> <span class='ocrx_word' id='word_1_625' title='bbox 1552 2187 1637 2214; x_wconf 81' lang='lat' dir='ltr'>supra</span> <span class='ocrx_word' id='word_1_626' title='bbox 1648 2179 1755 2205; x_wconf 83' lang='lat' dir='ltr'>Annot.</span> <span class='ocrx_word' id='word_1_627' title='bbox 1772 2179 1894 2215; x_wconf 65' lang='lat' dir='ltr'>1›.54.,l).</span> 
     </span>
    </p>

    <p class='ocr_par' dir='ltr' id='par_1_11' title="bbox 1044 2215 1896 2335">
     <span class='ocr_line' id='line_1_60' title="bbox 1089 2215 1896 2254; baseline 0.001 -10"><span class='ocrx_word' id='word_1_628' title='bbox 1089 2215 1117 2236; x_wconf 76' lang='lat'>26</span> <span class='ocrx_word' id='word_1_629' title='bbox 1139 2217 1245 2244; x_wconf 77' lang='lat' dir='ltr'>Praeter</span> <span class='ocrx_word' id='word_1_630' title='bbox 1270 2217 1374 2244; x_wconf 82' lang='lat' dir='ltr'>librum</span> <span class='ocrx_word' id='word_1_631' title='bbox 1399 2217 1594 2244; x_wconf 79' lang='lat' dir='ltr'>Plotinianum</span> <span class='ocrx_word' id='word_1_632' title='bbox 1617 2219 1649 2244; x_wconf 75' lang='lat' dir='ltr'>cle</span> <span class='ocrx_word' id='word_1_633' title='bbox 1670 2219 1755 2254; x_wconf 71' lang='grc' dir='ltr'>φἠἰο,</span> <span class='ocrx_word' id='word_1_634' title='bbox 1781 2219 1807 2245; x_wconf 83' lang='lat' dir='ltr'>h.</span> <span class='ocrx_word' id='word_1_635' title='bbox 1824 2219 1841 2245; x_wconf 88' lang='lat' dir='ltr'>l.</span> <span class='ocrx_word' id='word_1_636' title='bbox 1865 2220 1896 2245; x_wconf 71' lang='lat' dir='ltr'>tle:</span> 
     </span>
     <span class='ocr_line' id='line_1_61' title="bbox 1044 2257 1893 2295; baseline 0.002 -11"><span class='ocrx_word' id='word_1_637' title='bbox 1044 2257 1140 2293; x_wconf 72' lang='lat' dir='ltr'>pulcro</span> <span class='ocrx_word' id='word_1_638' title='bbox 1164 2257 1266 2284; x_wconf 82' lang='lat' dir='ltr'>librum</span> <span class='ocrx_word' id='word_1_639' title='bbox 1292 2257 1445 2285; x_wconf 79' lang='lat' dir='ltr'>manifesto</span> <span class='ocrx_word' id='word_1_640' title='bbox 1465 2259 1581 2294; x_wconf 74' lang='lat' dir='ltr'>respicit</span> <span class='ocrx_word' id='word_1_641' title='bbox 1598 2259 1762 2286; x_wconf 60' lang='lat' dir='ltr'>Nathunacl</span> <span class='ocrx_word' id='word_1_642' title='bbox 1785 2266 1814 2286; x_wconf 82' lang='lat' dir='ltr'>et</span> <span class='ocrx_word' id='word_1_643' title='bbox 1834 2260 1893 2295; x_wconf 83' lang='lat' dir='ltr'>qui-</span> 
     </span>
     <span class='ocr_line' id='line_1_62' title="bbox 1049 2298 1660 2335; baseline 0.003 -11"><span class='ocrx_word' id='word_1_644' title='bbox 1049 2298 1115 2325; x_wconf 85' lang='lat' dir='ltr'>dem</span> <span class='ocrx_word' id='word_1_645' title='bbox 1131 2304 1217 2334; x_wconf 85' lang='lat' dir='ltr'>caput</span> <span class='ocrx_word' id='word_1_646' title='bbox 1232 2305 1367 2325; x_wconf 79' lang='lat' dir='ltr'>octavum</span> <span class='ocrx_word' id='word_1_647' title='bbox 1383 2308 1468 2334; x_wconf 83' lang='lat' dir='ltr'>supra</span> <span class='ocrx_word' id='word_1_648' title='bbox 1483 2309 1510 2335; x_wconf 89' lang='lat' dir='ltr'>p.</span> <span class='ocrx_word' id='word_1_649' title='bbox 1524 2300 1571 2334; x_wconf 74' lang='lat'>56.</span> <span class='ocrx_word' id='word_1_650' title='bbox 1585 2299 1615 2326; x_wconf 64' lang='lat'>1⁴¹.</span> <span class='ocrx_word' id='word_1_651' title='bbox 1626 2300 1660 2326; x_wconf 89' lang='lat' dir='ltr'>G.</span> 
     </span>
    </p>

    <p class='ocr_par' dir='ltr' id='par_1_12' title="bbox 1090 2338 1893 2375">
     <span class='ocr_line' id='line_1_63' title="bbox 1090 2338 1893 2375; baseline 0.001 -10"><span class='ocrx_word' id='word_1_652' title='bbox 1090 2343 1103 2357; x_wconf 76' lang='grc' dir='ltr'><strong>Χ</strong></span> <span class='ocrx_word' id='word_1_653' title='bbox 1127 2338 1198 2366; x_wconf 82' lang='lat' dir='ltr'>Cod.</span> <span class='ocrx_word' id='word_1_654' title='bbox 1216 2339 1276 2365; x_wconf 82' lang='lat' dir='ltr'>Par.</span> <span class='ocrx_word' id='word_1_655' title='bbox 1293 2340 1386 2374; x_wconf 76' lang='grc' dir='ltr'>ἀνάγκη</span> <span class='ocrx_word' id='word_1_656' title='bbox 1402 2339 1468 2366; x_wconf 77' lang='grc' dir='ltr'>ὅποι.</span> <span class='ocrx_word' id='word_1_657' title='bbox 1513 2339 1584 2366; x_wconf 87' lang='lat' dir='ltr'>Illud</span> <span class='ocrx_word' id='word_1_658' title='bbox 1602 2340 1694 2375; x_wconf 76' lang='lat' dir='ltr'>recepi</span> <span class='ocrx_word' id='word_1_659' title='bbox 1712 2349 1763 2375; x_wconf 85' lang='lat' dir='ltr'>pro</span> <span class='ocrx_word' id='word_1_660' title='bbox 1778 2340 1893 2375; x_wconf 79' lang='grc' dir='ltr'>ἀνάγκης.</span> 
     </span>
    </p>

    <p class='ocr_par' dir='ltr' id='par_1_13' title="bbox 1090 2379 1694 2413">
     <span class='ocr_line' id='line_1_64' title="bbox 1090 2379 1694 2413; baseline 0.005 -9"><span class='ocrx_word' id='word_1_661' title='bbox 1090 2383 1103 2404; x_wconf 81' lang='lat' dir='ltr'><strong><em>Y</em></strong></span> <span class='ocrx_word' id='word_1_662' title='bbox 1126 2379 1196 2406; x_wconf 88' lang='lat' dir='ltr'>Cod.</span> <span class='ocrx_word' id='word_1_663' title='bbox 1216 2379 1276 2406; x_wconf 76' lang='lat' dir='ltr'>l&#39;ar.</span> <span class='ocrx_word' id='word_1_664' title='bbox 1293 2380 1351 2405; x_wconf 74' lang='grc' dir='ltr'>ὅποι</span> <span class='ocrx_word' id='word_1_665' title='bbox 1365 2380 1392 2405; x_wconf 81' lang='grc' dir='ltr'>δέ</span> <span class='ocrx_word' id='word_1_666' title='bbox 1408 2382 1466 2407; x_wconf 83' lang='grc' dir='ltr'>νοῦς</span> <span class='ocrx_word' id='word_1_667' title='bbox 1480 2380 1586 2406; x_wconf 75' lang='grc' dir='ltr'>ἐνταῦθα</span> <span class='ocrx_word' id='word_1_668' title='bbox 1601 2381 1630 2413; x_wconf 62' lang='grc' dir='ltr'>ὃν)</span> <span class='ocrx_word' id='word_1_669' title='bbox 1646 2381 1694 2407; x_wconf 83' lang='grc' dir='ltr'>καί.</span> 
     </span>
    </p>

    <p class='ocr_par' dir='ltr' id='par_1_14' title="bbox 1048 2417 1895 2618">
     <span class='ocr_line' id='line_1_65' title="bbox 1089 2417 1893 2456; baseline 0 -10"><span class='ocrx_word' id='word_1_670' title='bbox 1089 2417 1116 2439; x_wconf 71' lang='lat'>227</span> <span class='ocrx_word' id='word_1_671' title='bbox 1132 2419 1235 2455; x_wconf 80' lang='lat' dir='ltr'>Neque</span> <span class='ocrx_word' id='word_1_672' title='bbox 1251 2419 1327 2446; x_wconf 73' lang='lat' dir='ltr'>enin]</span> <span class='ocrx_word' id='word_1_673' title='bbox 1343 2430 1377 2446; x_wconf 81' lang='lat' dir='ltr'>ea</span> <span class='ocrx_word' id='word_1_674' title='bbox 1392 2426 1476 2446; x_wconf 75' lang='lat' dir='ltr'>aetate</span> <span class='ocrx_word' id='word_1_675' title='bbox 1492 2420 1539 2447; x_wconf 85' lang='lat' dir='ltr'>illa</span> <span class='ocrx_word' id='word_1_676' title='bbox 1555 2420 1589 2447; x_wconf 79' lang='lat' dir='ltr'>dc</span> <span class='ocrx_word' id='word_1_677' title='bbox 1607 2420 1780 2456; x_wconf 76' lang='lat' dir='ltr'>quadratura</span> <span class='ocrx_word' id='word_1_678' title='bbox 1795 2420 1893 2446; x_wconf 80' lang='lat' dir='ltr'>circuli</span> 
     </span>
     <span class='ocr_line' id='line_1_66' title="bbox 1050 2459 1895 2496; baseline 0 -10"><span class='ocrx_word' id='word_1_679' title='bbox 1050 2459 1170 2495; x_wconf 63' lang='lat' dir='ltr'>quaestio</span> <span class='ocrx_word' id='word_1_680' title='bbox 1186 2460 1327 2487; x_wconf 73' lang='lat' dir='ltr'>exstincta</span> <span class='ocrx_word' id='word_1_681' title='bbox 1346 2460 1410 2491; x_wconf 84' lang='lat' dir='ltr'>fuit,</span> <span class='ocrx_word' id='word_1_682' title='bbox 1427 2470 1489 2496; x_wconf 75' lang='lat' dir='ltr'>quae</span> <span class='ocrx_word' id='word_1_683' title='bbox 1512 2461 1671 2496; x_wconf 74' lang='lat' dir='ltr'>antiquitus</span> <span class='ocrx_word' id='word_1_684' title='bbox 1694 2467 1735 2487; x_wconf 82' lang='lat' dir='ltr'>tot</span> <span class='ocrx_word' id='word_1_685' title='bbox 1759 2460 1895 2496; x_wconf 67' lang='lat' dir='ltr'>pru-clara</span> 
     </span>
     <span class='ocr_line' id='line_1_67' title="bbox 1048 2500 1894 2536; baseline 0.001 -10"><span class='ocrx_word' id='word_1_686' title='bbox 1048 2500 1165 2536; x_wconf 70' lang='lat' dir='ltr'>ingenia</span> <span class='ocrx_word' id='word_1_687' title='bbox 1179 2506 1354 2528; x_wconf 77' lang='lat' dir='ltr'>exercuerat.</span> <span class='ocrx_word' id='word_1_688' title='bbox 1378 2501 1508 2533; x_wconf 85' lang='lat' dir='ltr'>Quorum</span> <span class='ocrx_word' id='word_1_689' title='bbox 1521 2501 1646 2527; x_wconf 84' lang='lat' dir='ltr'>virorum</span> <span class='ocrx_word' id='word_1_690' title='bbox 1663 2510 1797 2536; x_wconf 64' lang='lat' dir='ltr'>magnum</span> <span class='ocrx_word' id='word_1_691' title='bbox 1814 2510 1894 2527; x_wconf 78' lang='lat' dir='ltr'>sane-</span> 
     </span>
     <span class='ocr_line' id='line_1_68' title="bbox 1049 2540 1893 2575; baseline 0.001 -9"><span class='ocrx_word' id='word_1_692' title='bbox 1049 2550 1135 2575; x_wconf 79' lang='lat' dir='ltr'>quam</span> <span class='ocrx_word' id='word_1_693' title='bbox 1151 2550 1302 2568; x_wconf 81' lang='lat' dir='ltr'>numerum</span> <span class='ocrx_word' id='word_1_694' title='bbox 1318 2548 1448 2568; x_wconf 74' lang='lat' dir='ltr'>recenset</span> <span class='ocrx_word' id='word_1_695' title='bbox 1460 2541 1604 2568; x_wconf 79' lang='lat' dir='ltr'>Gerardus</span> <span class='ocrx_word' id='word_1_696' title='bbox 1621 2541 1738 2567; x_wconf 73' lang='lat' dir='ltr'>Vossius</span> <span class='ocrx_word' id='word_1_697' title='bbox 1750 2540 1785 2567; x_wconf 85' lang='lat' dir='ltr'>de</span> <span class='ocrx_word' id='word_1_698' title='bbox 1801 2541 1893 2567; x_wconf 80' lang='lat' dir='ltr'>scicn-</span> 
     </span>
     <span class='ocr_line' id='line_1_69' title="bbox 1048 2580 1752 2618; baseline -0.001 -11"><span class='ocrx_word' id='word_1_699' title='bbox 1048 2580 1094 2607; x_wconf 84' lang='lat' dir='ltr'>tiis</span> <span class='ocrx_word' id='word_1_700' title='bbox 1109 2581 1321 2608; x_wconf 82' lang='lat' dir='ltr'>mathematicis</span> <span class='ocrx_word' id='word_1_701' title='bbox 1337 2591 1399 2618; x_wconf 78' lang='lat' dir='ltr'>cap.</span> <span class='ocrx_word' id='word_1_702' title='bbox 1412 2581 1492 2607; x_wconf 79' lang='lat' dir='ltr'>XVI.</span> <span class='ocrx_word' id='word_1_703' title='bbox 1507 2584 1530 2615; x_wconf 58' lang='grc' dir='ltr'>ξ.</span> <span class='ocrx_word' id='word_1_704' title='bbox 1545 2582 1592 2616; x_wconf 76' lang='lat'>36.</span> <span class='ocrx_word' id='word_1_705' title='bbox 1609 2591 1634 2617; x_wconf 78' lang='lat'>1).</span> <span class='ocrx_word' id='word_1_706' title='bbox 1651 2591 1687 2607; x_wconf 90' lang='lat' dir='ltr'>m.</span> <span class='ocrx_word' id='word_1_707' title='bbox 1706 2588 1752 2615; x_wconf 79' lang='lat'>72.</span> 
     </span>
    </p>

    <p class='ocr_par' dir='ltr' id='par_1_15' title="bbox 1048 2620 1893 2738">
     <span class='ocr_line' id='line_1_70' title="bbox 1089 2620 1892 2652; baseline -0.001 -4"><span class='ocrx_word' id='word_1_708' title='bbox 1089 2620 1117 2640; x_wconf 61' lang='lat'>2³⁴</span> <span class='ocrx_word' id='word_1_709' title='bbox 1138 2621 1330 2652; x_wconf 79' lang='lat' dir='ltr'>Platonicum,</span> <span class='ocrx_word' id='word_1_710' title='bbox 1347 2628 1378 2648; x_wconf 85' lang='lat' dir='ltr'>ut</span> <span class='ocrx_word' id='word_1_711' title='bbox 1399 2621 1523 2648; x_wconf 75' lang='lat' dir='ltr'>indicavi</span> <span class='ocrx_word' id='word_1_712' title='bbox 1545 2621 1580 2648; x_wconf 81' lang='lat' dir='ltr'>ad</span> <span class='ocrx_word' id='word_1_713' title='bbox 1603 2621 1705 2648; x_wconf 68' lang='lat' dir='ltr'>l‘lotin.</span> <span class='ocrx_word' id='word_1_714' title='bbox 1749 2620 1892 2647; x_wconf 57' lang='lat' dir='ltr'>Cietcrum</span> 
     </span>
     <span class='ocr_line' id='line_1_71' title="bbox 1048 2661 1893 2698; baseline 0 -10"><span class='ocrx_word' id='word_1_715' title='bbox 1048 2661 1115 2688; x_wconf 90' lang='lat' dir='ltr'>huic</span> <span class='ocrx_word' id='word_1_716' title='bbox 1132 2662 1319 2698; x_wconf 67' lang='lat' dir='ltr'>disputationi</span> <span class='ocrx_word' id='word_1_717' title='bbox 1331 2662 1365 2688; x_wconf 83' lang='lat' dir='ltr'>de</span> <span class='ocrx_word' id='word_1_718' title='bbox 1380 2661 1506 2694; x_wconf 75' lang='grc' dir='ltr'>ἐπιστήμῃ</span> <span class='ocrx_word' id='word_1_719' title='bbox 1522 2667 1576 2688; x_wconf 82' lang='lat' dir='ltr'>cet.</span> <span class='ocrx_word' id='word_1_720' title='bbox 1593 2661 1695 2687; x_wconf 79' lang='lat' dir='ltr'>adhibe</span> <span class='ocrx_word' id='word_1_721' title='bbox 1708 2661 1893 2688; x_wconf 75' lang='lat' dir='ltr'>Aristotelem</span> 
     </span>
     <span class='ocr_line' id='line_1_72' title="bbox 1049 2701 1722 2738; baseline 0.001 -11"><span class='ocrx_word' id='word_1_722' title='bbox 1049 2701 1078 2728; x_wconf 84' lang='lat' dir='ltr'>in</span> <span class='ocrx_word' id='word_1_723' title='bbox 1094 2701 1160 2728; x_wconf 81' lang='lat' dir='ltr'>Eth.</span> <span class='ocrx_word' id='word_1_724' title='bbox 1178 2702 1292 2729; x_wconf 86' lang='lat' dir='ltr'>Nicom.</span> <span class='ocrx_word' id='word_1_725' title='bbox 1309 2711 1370 2738; x_wconf 80' lang='lat' dir='ltr'>cap.</span> <span class='ocrx_word' id='word_1_726' title='bbox 1381 2702 1408 2727; x_wconf 70' lang='lat'>(5.</span> <span class='ocrx_word' id='word_1_727' title='bbox 1423 2711 1452 2738; x_wconf 87' lang='lat' dir='ltr'>p.</span> <span class='ocrx_word' id='word_1_728' title='bbox 1468 2710 1530 2737; x_wconf 84' lang='lat'>¹03·</span> <span class='ocrx_word' id='word_1_729' title='bbox 1547 2711 1626 2738; x_wconf 79' lang='lat' dir='ltr'>seqq.</span> <span class='ocrx_word' id='word_1_730' title='bbox 1643 2701 1722 2738; x_wconf 81' lang='lat' dir='ltr'>Sylb.</span> 
     </span>
    </p>
   </div>
   <div class='ocr_carea' id='block_1_7' title="bbox 1103 2790 1172 2819">
    <p class='ocr_par' dir='ltr' id='par_1_16' title="bbox 1103 2790 1172 2819">
     <span class='ocr_line' id='line_1_73' title="bbox 1103 2790 1172 2819; baseline 0 0"><span class='ocrx_word' id='word_1_731' title='bbox 1103 2790 1172 2819; x_wconf 73' lang='lat' dir='ltr'>5ss</span> 
     </span>
    </p>
   </div>
  </div>
 </body>
</html>
