2102 3015
778 165 914 202 ΠΡΟΣ
945 165 1230 202 ΠΛΩΤΙΝΟΝ.
1771 180 1868 215 1419

1354 235 1440 265 πρόμον

143 269 240 321 κόψῃ
260 269 322 307 τὸν
341 269 511 319 δρόμονω,
531 267 713 307 κόπτουσα
738 269 794 306 καὶ
819 267 881 306 τὸν
906 271 968 305 τοῦ
992 266 1120 317 χρόνου
1138 269 1199 315 τῆς
1220 267 1306 316 ζωῆς
1331 268 1470 317 δρόμον,
1490 268 1622 307 τούτων
1641 286 1677 308 τε
1703 270 1868 307 κάκείνων

144 326 233 363 ἰδίαν
262 324 383 375 ὥσπερ
409 326 464 362 καὶ
492 325 598 374 χωρὶς
626 322 782 362 διάθεσιν
808 324 863 361 καὶ
892 323 1030 370 κίνησιν
1054 321 1152 372 παρὰ
1179 324 1241 369 τῆς
1271 322 1323 363 (π.
1345 323 1408 371 τὴν
1433 326 1494 372 τῆς
1519 326 1563 375 ψ.
1590 325 1677 363 Par.
1708 331 1749 364 et
1770 325 1862 364 Vat.

145 387 268 430 recte)
289 381 409 431 ψυχῆς
428 378 590 430 ἐχόντων·
622 380 702 417 ἀλλ’
724 378 789 427 ἤδη
816 379 950 428 ὁρῶμεν
974 377 1133 417 πολλοὺς
1152 376 1215 425 μὲν
1240 380 1310 415 τῶν
1336 382 1450 416 κακῶν
1476 381 1532 417 καὶ
1557 379 1648 417 πάνυ
1671 397 1703 418 τι
1724 380 1863 426 (Vind.

143 435 236 474 πάνυ
255 442 322 483 τοι)
344 438 469 481 κακῶν,
484 434 577 473 πάνυ
594 452 627 472 τι
648 434 785 479 (Vind.
805 433 897 472 πάνυ
916 436 983 479 τοι)
1004 434 1060 470 καὶ
1080 432 1219 482 ζῶντας,
1234 431 1392 473 πολλοὺς
1411 435 1438 470 δ’
1460 435 1565 485 ἀρετῇ
1584 436 1865 484 προσκειμένους,

144 492 180 528 ἐν
199 493 328 541 βραχεῖ
344 508 409 528 τινι
429 489 553 542 χρόνῳ,
574 489 646 537 ἅμα
664 506 701 527 τε
719 493 781 527 τοῦ
799 489 862 540 ζῇν
882 490 936 527 καὶ
955 490 1016 536 τῆς
1034 489 1113 538 περὶ
1133 487 1176 526 τὰ
1202 486 1295 525 καλὰ
1313 490 1470 536 σπουδῆς
1489 490 1739 537 πεπαυμένους.
1773 491 1863 539 ὁρῶ-

143 562 207 593 μεν
227 545 263 584 δὲ
284 545 334 593 (δὲ
354 547 467 585 abest
487 560 509 584 a
530 546 619 584 Par.
642 552 683 584 et
704 545 813 591 Vat.)
834 546 890 582 καὶ
909 543 989 584 τοὺς
1008 542 1113 592 μήπω
1131 543 1268 591 ἡλικίας
1287 543 1503 594 ἁψαμένους,
1525 546 1603 594 περὶ
1623 546 1746 595 ἀρετῆς
1765 545 1864 583 οὐδὲν

142 601 228 649 μήτε
249 602 368 641 κακίας
387 600 519 641 εἰδότας
539 601 677 644 (εἰδυίας
699 601 786 639 Par.
807 607 849 639 et
869 599 987 645 Vah),
1007 598 1127 649 ἀώρως
1147 599 1236 636 οὕτω
1254 602 1316 636 τοῦ
1335 597 1398 648 ζῇν
1416 598 1617 645 ἐκστάντας,
1638 602 1694 638 καὶ
1720 601 1739 638 ὁ
1759 599 1866 650 λόγος

145 658 322 694 κάνταῦθα
347 657 440 696 τίνος
465 656 572 701 ἕνεκα,
593 654 739 701 εἰκότως,
761 655 886 699 (εἵνεκα
911 654 1049 701 εἰκότος,
1072 654 1161 693 Par.
1184 660 1225 693 et
1246 653 1352 698 Vat.)
1375 653 1486 701 ἥκιστ’
1508 655 1688 706 ἀσφαλής.
1721 656 1814 696 όλως
1837 657 1865 693 δ’

145 711 270 761 ἀρετὴν
298 710 319 759 ἦ
341 712 412 755 (καὶ
432 711 523 749 Vat.
545 725 637 749 cum
660 711 748 749 Pal.
751 714 764 757 .)
792 711 914 748 κακίαν
939 710 1031 750 τίνος
1057 708 1099 747 ἂν
1127 708 1211 747 εἰναι
1240 709 1392 761 φαίημεν
1412 712 1555 777 (φαῖμεν
1577 710 1663 749 Par.
1685 718 1726 750 et
1746 711 1837 750 Vat
1848 724 1868 762 )‚

145 765 301 818 ψυχῆς
286 784 306 814 η
327 765 510 814 σώματος;
543 767 564 813 ἦ
585 765 655 815 γὰρ
675 764 852 818 ἀμφοῖν,
837 784 858 814 η
879 764 953 805 ἑνος
973 764 1084 813 δήπου
1106 764 1250 803 τούτων.
1283 765 1365 801 ἀλλ’
1387 763 1462 804 ε’νος
1481 764 1574 814 ε’ίπερ
1594 764 1668 812 εἷεν,
1689 766 1847 817 ψυχης
1828 772 1870 804 ἀν

144 825 219 868 εἷεν,
240 822 313 859 ἐπεὶ
341 822 495 859 κάκεῖθεν
520 823 555 858 αἱ
581 822 658 870 περὶ
683 820 727 859 τὰ
753 820 847 859 καλὰ
872 822 928 859 καὶ
955 824 1077 872 φαῦλα
1101 823 1215 858 πᾶσαι
1241 818 1405 896 κινήσῙεις·
1438 822 1465 857 εἰ
1486 820 1513 857 δ’
1535 820 1677 871 ἀμφοῖν,
1698 838 1753 859 και
1780 823 1869 859 οὕτω

146 878 266 927 ψυχῆς
285 879 428 924 μᾶλλον
448 874 490 914 ἂν
509 875 574 914 εἷεν
589 876 727 928 ὀργάνω
747 875 789 924 δή
809 893 875 914 τινι
893 879 942 914 τῶ
962 875 1102 924 σώματι
1121 874 1360 925 κεχρημενης11
1367 874 1484 912 ’ὥστ’
1500 874 1555 912 εἴτ’
1575 875 1649 924 (εἰγ’
1664 876 1756 915 Vat.
1776 891 1868 915 cum

149 932 236 971 Par.
260 936 384 977 recte)
405 931 490 981 ἐρως
509 931 616 979 αὐτὴν
636 933 758 982 ἀρετῆς
778 933 834 969 καὶ
859 935 920 970 τοῦ
947 935 1058 969 καλοῦ
1078 931 1222 981 κατέχει,
1242 934 1304 968 τοῦ
1322 943 1362 979 γε
1382 929 1546 978 δηλονότι
1566 930 1621 968 διὰ
1641 931 1804 978 σώματος
1824 936 1870 972 εἰς

143 986 274 1038 πρᾶξιν
303 986 425 1033 ἰόντος,
444 989 501 1024 καὶ
533 988 660 1030 (abest
687 1002 709 1026 a
737 987 825 1026 Par.
849 993 890 1026 et
910 986 1003 1025 Vat.
1027 989 1151 1032 recte)
1181 987 1242 1024 οὐκ
1271 984 1443 1033 ἀποθήσει
1470 984 1511 1024 τὸ
1540 989 1655 1033 σῶμα,
1676 987 1717 1024 δι’
1748 986 1788 1024 οὗ
1816 990 1871 1025 καὶ

146 1044 273 1090 (abest
295 1057 317 1081 a
338 1042 446 1088 Vat.)
473 1041 535 1080 τὸν
560 1042 671 1092 ἔρωτα
699 1044 755 1080 καὶ
782 1041 844 1090 τὴν
870 1042 1052 1089 ἐπιθυμίαν
1077 1040 1257 1089 ἐκπλήσει.
1289 1039 1373 1078 αὐτὸ
1399 1040 1435 1079 δὲ
1459 1041 1552 1079 τοῦτ’
1573 1041 1650 1079 ἔστι
1670 1040 1796 1092 φάναιῃ
1815 1044 1871 1080 καὶ

145 1099 224 1147 περὶ
243 1099 373 1148 ψυχῆς,
393 1101 465 1137 τοῖς
484 1098 639 1148 χείροσιν
655 1097 872 1146 ἐνηδομένης·
904 1096 925 1146 ὴ
945 1097 982 1134 τί
997 1098 1054 1135 καὶ
1079 1096 1289 1144 βουλομένη,
1308 1100 1370 1134 τοῦ
1388 1096 1534 1146 πρώτως
1554 1095 1740 1146 γεγονότος
1760 1097 1869 1147 ὀργά-

148 1170 218 1199 νου,
240 1153 356 1204 δεξιοῦ
384 1169 423 1201 γε
453 1152 552 1193 ὄντος
579 1152 668 1203 πρὸς
695 1152 718 1190 ἃ
745 1153 921 1199 βούλεται,
940 1151 1201 1204 περιφρονήσει,
1221 1152 1313 1191 τίνος
1333 1151 1368 1189 δὲ
1395 1152 1506 1190 ἕνεκεν
1530 1153 1586 1189 καὶ
1613 1151 1871 1204 ἀνταλλάξεται

145 1206 223 1245 τόδε
243 1212 305 1246 τοῦ
325 1208 488 1258 χείρονος,
510 1209 644 1246 κάκεῖνο
665 1209 834 1255 (κάκείνου
850 1209 974 1248 Vind.
992 1207 1112 1253 male)
1134 1208 1162 1244 δ’
1184 1207 1309 1255 ἑτέρου,
1326 1206 1431 1255 μηδὲν
1450 1206 1514 1254 μὲν
1531 1207 1723 1254 βελτίονος,
1744 1211 1873 1259 πολλῷ

147 1262 186 1301 δέ
203 1280 269 1301 τινι
289 1265 345 1300 καὶ
364 1264 592 1302 ἐπιπλεῖστον
611 1264 760 1313 ἀχρείου,
776 1263 836 1312 εἴγ’
854 1265 890 1302 ἐκ
910 1262 1086 1310 σωμάτων
1104 1262 1167 1310 μὲν
1186 1262 1379 1312 ἀνθρώπων
1389 1263 1414 1284 ¹²
1434 1263 1562 1312 θηρίων
1580 1263 1872 1314 μεταμφιέννυται

146 1336 202 1356 και
228 1318 437 1368 περιτιθεται
457 1318 613 1370 φύσιν,
597 1336 634 1356 εκ
661 1318 697 1357 δε
720 1318 852 1356 τούτων
870 1319 1003 1358 αὖθις’
987 1335 1042 1356 επι
1061 1317 1156 1370 φυτὰ
1174 1321 1287 1368 χωρεῖ,
1306 1319 1362 1355 καὶ
1381 1334 1515 1357 τουτοις
1534 1319 1710 1356 συνδεῖται
1730 1321 1871 1367 δεσμοῖς

146 1372 337 1440 μείζοσιν
320 1392 340 1422 η
362 1375 397 1412 ἐν
415 1377 488 1414 τοῖς
505 1373 674 1423 πρόσθεν,
694 1391 749 1412 και
776 1372 897 1423 ὥσπερ
917 1375 953 1411 ἐν
973 1374 1087 1413 αυτοῖς
1105 1373 1290 1423 ῥιζωθεῖσα
1316 1390 1376 1411 ουκ
1395 1373 1464 1423 ἔχει
1491 1372 1584 1413 όπως
1603 1374 1729 1425 ῥαδίως
1748 1375 1873 1412 ἐκεῖθεν

145 1428 347 1479 ἐκχωρήσει,
367 1428 483 1481 χρόνῳ
503 1429 538 1467 δὲ
556 1432 678 1481 μακρῷ
697 1447 763 1467 τινι
783 1446 839 1467 και
857 1429 960 1477 μόλις
980 1427 1255 1473 ἀπαλλάττεται,
1276 1428 1337 1466 οὐκ
1363 1426 1439 1466 οἰδα
1461 1429 1497 1466 τί
1520 1428 1629 1466 πλεον
1648 1430 1684 1467 ἐν
1703 1433 1775 1470 τοῖς
1794 1446 1864 1468 τοι·

147 1484 259 1524 ούτοις
274 1501 442 1533 γενομενη
462 1484 630 1534 δράσασα
650 1483 760 1523 καλὸν
775 1484 829 1533 η”γ
848 1484 948 1535 ἔρωτι
967 1488 1078 1522 καλοῦ
1097 1483 1306 1534 ἐνισχημένη
1324 1502 1346 1531 η
1367 1500 1472 1521 κακον
1491 1482 1512 1532 ἦ
1533 1483 1621 1522 κακὰ
1640 1485 1868 1551 προελομενη·

147 1541 203 1577 καὶ
222 1538 291 1587 μὴν
312 1539 379 1584 (ότι
399 1540 503 1579 adde
525 1554 574 1579 ex
596 1540 686 1578 Par.
710 1546 752 1579 et
770 1540 863 1579 Vat.
871 1544 881 1587 )
903 1540 996 1578 ἄλλο
1015 1556 1078 1586 μεν
1098 1541 1218 1590 ψυχης
1238 1537 1374 1586 ειδος,
1355 1542 1419 1589 ροῇ
1439 1556 1495 1576 και
1516 1542 1633 1591 φθορᾷ
1653 1541 1853 1578 δουλεῦον’
1837 1557 1872 1577 εν

146 1593 174 1646 ᾡ
203 1594 244 1642 δη
273 1594 413 1644 ζῶμεν(
404 1595 544 1639 (Vind
568 1594 725 1646 δείξομεν
754 1595 870 1635 male.
905 1596 1091 1634 Fortasse
1121 1594 1342 1647 legendum
1370 1612 1405 1632 εν
1424 1593 1451 1646 (ιὶ)
1471 1593 1549 1644 δὴς
1541 1594 1602 1632 ’”ῶα
1624 1594 1757 1643 ζῶμεν),
1778 1595 1872 1632 ἄλλο

146 1633 182 1688 δὲ
202 1667 325 1699 κυριως
346 1649 451 1688 καθ’
437 1668 456 1688 ο
475 1651 512 1688 εὖ
531 1649 629 1698 μαλα
648 1652 704 1688 καὶ
723 1654 840 1691 καλῶς
859 1651 1036 1700 ἅνθρωποι
1055 1650 1175 1699 ζῶμεν,
1190 1667 1245 1687 και
1265 1648 1330 1701 ᾠδε
1350 1633 1471 1697 δῆλόν·
1498 1652 1525 1687 εἷ
1546 1667 1614 1699 γαρ
1633 1667 1673 1687 το
1693 1649 1793 1700 ζῇν
1775 1653 1872 1698 ημῶν

146 1704 232 1743 ὅλον
261 1706 366 1743 αὐτοῦ
396 1709 456 1743 νοῦ
476 1704 568 1748 (νοὸς
589 1706 700 1753 Vat.)
721 1707 777 1744 καὶ
803 1708 865 1754 τῆς
884 1707 957 1744 κατ’
979 1705 1084 1743 αὐτὸν
1103 1707 1223 1756 ψυχῆς
1242 1705 1398 1756 ἐξῆπται,
1417 1703 1525 1743 πόθεν
1554 1705 1634 1752 ἡμῖν
1660 1707 1691 1743 οἰ
1720 1704 1872 1750 θάνατοι,

145 1761 301 1800 ἀπαθοῦς
320 1762 420 1798 τοῦδε
440 1762 496 1798 καὶ
515 1759 689 1810 ἀκηράτου
709 1763 764 1799 καὶ
783 1761 852 1811 πρὸ
873 1761 974 1811 (πρὸς
994 1761 1106 1807 Vat.)
1127 1764 1187 1798 τοῦ
1207 1761 1283 1798 καθ’
1304 1761 1392 1808 ἡμᾶς
1412 1759 1498 1809 §hou
1518 1761 1572 1798 καὶ
1593 1761 1628 1798 ἐν
1648 1761 1740 1812 αὐτῷ
1760 1760 1802 1808 δὴ
1822 1765 1871 1812 τῷ

146 1814 220 1868 ζώω
240 1817 295 1853 καὶ
319 1815 407 1863 μετὰ
431 1819 533 1854 τοῦτο
560 1816 665 1854 λυθὲν
684 1819 926 1863 καθεστῶτος;
958 1816 1066 1854 πόθεν
1093 1817 1148 1853 καὶ
1173 1816 1255 1865 παρ’
1278 1816 1358 1863 ἡμῖν
1378 1815 1476 1855 ὄντος
1496 1817 1551 1853 καὶ
1571 1815 1734 1863 μένοντος
1754 1817 1813 1854 καί
1830 1833 1868 1864 γε

146 1869 210 1918 τὴν
229 1869 317 1919 ζωὴν
336 1872 433 1919 ἡμῶν
453 1870 548 1909 ὅλων
566 1871 724 1922 συνέχειν
743 1873 799 1910 καὶ
818 1871 1046 1920 δεδυνημένου
1066 1872 1121 1909 καὶ
1140 1870 1414 1919 βεβουλημένου,
1434 1870 1478 1908 τὰ
1499 1870 1561 1918 μὲν
1580 1871 1678 1918 ἡμῶν
1697 1870 1794 1909 ἔστιν
1814 1871 1869 1909 ὅτε

146 1927 202 1963 καὶ
229 1928 299 1973 (καὶ
325 1940 406 1965 non
433 1934 659 1979 agnoscunt
687 1927 777 1966 Par.
800 1933 842 1966 et
862 1927 973 1971 Vat.)
995 1930 1183 1976 νεκροῦται,
1202 1928 1258 1964 καὶ
1286 1926 1326 1964 τὸ
1353 1925 1416 1977 ζῇν
1435 1926 1627 1969 ἀπόλλυσι,
1647 1925 1693 1963 τὰ
1719 1926 1755 1964 δὲ
1780 1926 1872 1974 με’νει

147 1980 259 2030 ζῶντα
271 1997 280 2027 ;
313 1981 378 2018 ε”δει
404 1980 473 2031 γὰρ
498 1981 519 2031 ἢ
543 1981 582 2020 τὸ
603 1982 690 2020 ὅλον
709 1983 799 2031 ἡμᾶς
825 1982 897 2033 ζῇν,
919 1984 1024 2020 αὑτοῦ
1042 1999 1082 2031 γε
1102 1985 1163 2019 τοῦ
1182 1980 1246 2029 τὴν
1266 1980 1355 2031 ζωὴν
1375 1982 1445 2025 (καὶ
1465 1981 1557 2020 add.
1583 1982 1673 2020 Par.
1697 1988 1739 2020 et
1760 1982 1870 2031 Vat.)

146 2035 411 2086 παρεσχηκότος
430 2038 486 2074 καὶ
511 2037 719 2088 συνέχοντος
737 2037 845 2086 μηδὲν
863 2037 1088 2083 πεπονθότος,
1108 2036 1129 2085 ἦ
1148 2035 1189 2075 τὸ
1209 2036 1294 2075 ὅλον
1313 2035 1497 2088 ἐφθάρθαι,
1517 2036 1720 2076 ἐκλιπόντος
1740 2039 1867 2112 δηιλον-

148 2090 201 2129 ότι
226 2094 324 2129 τοῦδε
351 2109 406 2129 και
431 2092 746 2142 ἀποκεχωρηκότος.
779 2094 819 2131 οὐ
844 2092 914 2143 γὰρ
940 2093 1047 2138 ἔστιν,
1068 2093 1128 2130 οὐκ
1154 2091 1262 2137 ἔστιν,
1282 2092 1350 2130 οὐδ’
1373 2093 1478 2130 ἐκεῖνο
1503 2091 1643 2131 πάντως
1670 2092 1805 2138 (memb,
1826 2094 1872 2132 ὡς

147 2163 363 2196 μεμερισται,
379 2164 435 2184 και
454 2147 656 2197 σχιζόμενος
674 2150 751 2198 περὶ
770 2148 813 2186 τὰ
832 2153 894 2186 τοῦ
913 2148 1079 2196 σώματος
1097 2146 1202 2197 μόρια
1221 2165 1277 2185 και
1295 2148 1384 2185 οὕτω
1405 2146 1446 2195 δὴ
1465 2151 1575 2185 ταῦτα
1595 2146 1705 2196 ζῶντα
1723 2151 1832 2186 ποιῶν
1853 2149 1871 2185 ὁ

149 2206 236 2247 νοῦς,
257 2201 336 2239 οθεν
358 2201 421 2248 μὲν
446 2200 488 2239 ἄν
515 2203 628 2240 αὐτῶν
652 2203 872 2254 ἀναχωρήσει
892 2202 1131 2254 (ἀναχωρήσοι
1154 2203 1243 2242 Par.
1267 2208 1308 2241 et
1330 2203 1421 2241 Vat.
1431 2207 1441 2246 )
1461 2205 1507 2243 εἰς
1526 2201 1648 2240 ἑαυτον
1668 2205 1871 2245 συσταλεις,

148 2274 205 2295 και
231 2274 333 2306 νεκρα
359 2255 401 2304 δη
426 2261 536 2294 ταῦτα
561 2259 770 2305 καταλείπει,
791 2258 839 2299 οἷς
865 2260 892 2297 δ
914 2259 1060 2307 ἐμμενει,
1079 2275 1213 2298 τουτοις
1238 2275 1277 2307 γε
1305 2257 1416 2306 δήπου
1442 2275 1498 2296 και
1524 2275 1564 2295 το
1584 2257 1647 2309 ζῇν
1666 2275 1867 2308 παραμενει.

149 2313 284 2352 ἁπλοῦς
309 2311 379 2361 γὰρ
402 2310 450 2349 ὢν
474 2313 529 2349 καὶ
555 2312 603 2361 μὴ
628 2313 791 2362 μεγέθους
817 2314 901 2363 μήτε
929 2314 970 2363 δὴ
999 2315 1165 2362 σώματος
1192 2313 1346 2364 μετέχων
1364 2312 1521 2361 μηδενὸς,
1539 2317 1614 2353 πῶς
1634 2312 1677 2351 ἂν
1697 2315 1752 2351 καὶ
1771 2331 1867 2363 μερι-

189 2435 214 2457 10
231 2436 310 2463 Idem
327 2436 492 2464 Nathanafil
507 2437 536 2464 in
552 2437 662 2473 epistol.
679 2447 761 2465 mser.
777 2447 822 2474 ap.
835 2438 986 2466 Villoison.
1030 2445 1157 2476 quuntur
1179 2439 1443 2476 Peripateticorum,
1467 2438 1615 2466 Cleanthis
1643 2438 1787 2475 ipsiusque
1810 2439 1871 2465 Plo-

149 2478 302 2505 Anecdott.
325 2486 379 2514 grr,
402 2486 428 2512 p.
448 2485 491 2512 72.
515 2478 536 2503 εἶ
558 2479 669 2512 Χριστὸν
691 2479 756 2513 ὀρῶν
776 2480 882 2513 τρέχεις,
907 2482 989 2507 καλῶς
1030 2480 1083 2507 tini
1098 2480 1212 2516 placita.

147 2520 255 2554 τρέχεις,
269 2519 308 2543 καὶ
322 2519 447 2543 κατιὶτεινε
462 2519 506 2543 τὸν
517 2519 618 2552 δρόμον·
635 2519 656 2544 εἰ
671 2519 698 2544 δὲ
712 2519 776 2553 πρὸς
790 2519 856 2545 ι’ίλλο
871 2531 894 2546 τι
910 2520 988 2546 σπεύ-
1071 2526 1085 2540 a
1107 2520 1177 2547 Cod.
1196 2521 1257 2547 l’ar.
1274 2520 1330 2545 ε’στὶ
1344 2521 1430 2554 φῐιναι.
1476 2519 1537 2546 Lin.
1552 2529 1592 2555 sq.
1609 2519 1622 2552 ἢ
1637 2519 1670 2546 τί.

149 2560 198 2585 δων
211 2560 326 2590 βλέπεις,
342 2559 392 2590 εἰκῆ
409 2559 447 2583 καὶ
461 2559 541 2591 μάτην
555 2558 682 2585 σπεύδεις.
1070 2559 1095 2580 12
1118 2561 1261 2597 (Jonjicias
1284 2560 1456 2595 ἀνθρωπίνων,
1481 2566 1513 2587 ut
1538 2560 1677 2595 scriptura
1701 2559 1872 2594 compendi«)

190 2597 214 2619 ll
238 2598 363 2625 Michael
385 2598 492 2624 Psellus
511 2598 546 2625 de
566 2598 696 2625 omnifar.
716 2597 835 2625 doctrin.
851 2605 920 2627 sect.
940 2600 985 2628 28.
1029 2601 1170 2628 scribendi
1186 2606 1320 2636 corrupta
1335 2600 1484 2637 cogitetur.

149 2650 177 2676 p.
192 2648 238 2675 90.
260 2641 315 2665 Τῶν
333 2639 392 2674 παρ’
409 2639 521 2672 ’Ἕλλησι
543 2641 632 2673 σοφῶν
647 2640 691 2672 τὴν
705 2639 802 2673 ψυχὴν,
819 2641 928 2666 Πλάτων
941 2642 987 2673 μὲν
1068 2640 1082 2661 b
1106 2641 1178 2669 Cod.
1196 2642 1256 2668 Par.
1273 2641 1347 2675 ε’ρεῖν.

148 2681 187 2706 καὶ
200 2680 382 2715 Ἀριστοτέλης
396 2680 429 2706 ὡς
442 2679 540 2715 ἇργάνῳ
551 2681 618 2714 φασὶ
632 2680 742 2714 χρῆσθαι
757 2681 792 2715 τῷ
806 2681 913 2714 σώματι.
937 2680 986 2708 Sc-
