2102 3015
421 193 661 233 PLOTINI
693 191 950 232 ENNEAD.
972 189 1046 228 VI.
1089 188 1274 228 LIBER
1305 189 1570 227 TERTIUS.

1760 203 1853 240 ¹¹3¹

22 269 118 311 616

131 308 410 367 διαιροῦντας
436 306 519 362 την
543 305 685 364 φύσιν
711 305 868 359 αὐτοῦ,
898 304 972 348 καὶ
1000 301 1052 356 ἐξ
1073 301 1133 347 ὧν
1160 302 1259 347 ἐστι
1287 303 1567 361 διαιροῦντας
1601 300 1717 345 κατὰ
1744 301 1854 362 γε’νη

94 380 289 420 Οθεῖναι·
327 373 479 436 ὥσπερ
505 374 561 420 ἂν
587 376 624 419 εἰ
649 372 733 428 την
758 371 912 431 φωνην
938 370 1208 432 διῃρούμεθα
1234 367 1419 431 ἄπειρον
1444 368 1606 424 οὖσαν,
1639 371 1699 417 εἰς
1726 372 1853 429 ὡρισ-

126 444 246 501 μένα
273 442 537 506 ἀνάγοντες,
567 441 617 488 τὸ
645 443 692 487 ἐν
716 446 901 490 πολλοῖς
935 440 1102 486 ταύτὸν
1130 442 1190 489 εἰς
1224 438 1292 496 ἓν,
1323 439 1420 484 εἶτα
1453 435 1595 484 πάλιν
1622 434 1752 494 ἄλλο,
1782 441 1855 484 καὶ

131 513 281 575 ἕτερον
307 514 383 571 αὖ,
414 512 493 563 ἕως
528 514 588 562 εἷς
623 510 808 573 ἀριθμόν
833 532 935 556 τινα
970 509 1122 559 θέντες
1157 508 1352 555 ἕκαστον
1386 509 1552 564 αὐτῶν,
1583 504 1633 552 τὸ
1662 506 1749 563 μὲν
1783 508 1855 552 ἐπὶ

129 588 221 633 τοῖς
248 582 427 640 ἀτόμοις
453 583 566 631 εἶδος
590 580 822 642 λέγοντες,
852 577 902 626 τὸ
929 582 962 625 δ’
994 581 1068 625 ἐπὶ
1094 584 1186 628 τοῖς
1213 579 1352 624 εἴδεσι
1378 576 1524 638 γένος.
1582 574 1645 621 Τὸ
1668 576 1755 632 μὲν
1780 576 1883 627 οῧν5

131 653 205 698 ἐπὶ
232 657 311 708 τῆς
337 656 486 711 φωνῆς
513 649 708 697 ἕκαστον
734 650 846 699 εἶδος
879 651 953 696 καὶ
988 652 1097 706 ὁμοῦ
1131 646 1286 694 πάντα
1311 646 1369 693 τὰ
1396 645 1600 705 φανέντα
1635 647 1696 694 εἰς
1731 644 1779 691 ἓν
1803 646 1858 702 ἣν

88 719 336 783 Βάνάγειν,
370 721 443 767 καὶ
477 725 744 782 κατηγορεῖν
776 717 962 766 πάντων
997 723 1226 779 στοιχεῖον
1265 715 1292 773 ὴ
1333 716 1502 776 φωνήν.
1569 717 1676 760 Ἐπὶ
1715 715 1761 760 δὲ
1799 714 1858 760 ὧν

131 795 350 848 ζητοῦμεν
374 792 458 852 οὐχ
483 788 574 836 οἶόν
600 811 668 846 τε,
700 792 757 838 ὡς
783 788 1019 835 δέδεικται.
1080 785 1162 833 Διὸ
1190 790 1256 833 δεῖ
1277 788 1418 832 πλείω
1444 784 1554 848 γε’νη
1583 789 1750 841 ζητεῖν,
1781 787 1855 830 καὶ

130 861 178 905 ἐν
203 862 315 923 τῷδε
348 862 409 924 τῷ
442 861 581 905 παντὶ
616 858 747 920 ἕτερα
782 859 979 915 ἐκείνων,
1012 857 1165 913 ἐπειδη
1200 859 1274 902 καὶ
1310 854 1460 917 ἕτερον
1493 858 1625 901 τοῦτο
1665 855 1851 911 ἐκείνου,

128 931 202 975 καὶ
228 931 278 975 οὐ
306 928 583 986 συνώνυμον,
615 928 845 985 ὁμώνυμον
871 929 918 973 δὲ
944 929 1018 973 καὶ
1046 926 1188 973 εἰκών.
1228 928 1352 971 Ἀλλ’
1379 925 1532 980 ἐπειδὴ
1559 924 1634 970 καὶ
1661 925 1908 969 ἐνταῦθαιο

129 999 177 1044 ἐν
202 1000 262 1062 τῷ
291 1000 488 1060 μίγματι
523 1000 597 1044 καὶ
631 999 678 1044 ἐν
703 1000 758 1059 τῇ
795 997 1007 1043 συνθέσει
1041 996 1092 1042 τὸ
1122 995 1210 1053 μέν
1237 997 1335 1041 ἐστι
1371 998 1522 1052 σῶμα,
1553 993 1603 1039 τὸ
1632 993 1678 1038 δὲ
1703 993 1851 1054 ψυχὴ,

19 1063 239 1124 617ζῶον
263 1067 351 1130 γὰρ
377 1068 427 1114 τὸ
453 1072 566 1125 πᾶν,
597 1070 624 1124 ἡ
659 1067 706 1113 δὲ
739 1071 892 1130 ψυχῆς
925 1066 1066 1125 φύσις
1105 1067 1152 1111 ἐν
1186 1067 1337 1128 ἐκείνῳ
1371 1066 1432 1127 τῷ
1472 1065 1633 1126 νοητῷ,
1664 1064 1738 1108 καὶ
1765 1064 1851 1108 οὐδ’

84 1126 334 1199 Αὰρμόσει,
372 1139 459 1183 οὐδ’
490 1140 551 1187 εἰς
589 1138 747 1186 οὐσίας
784 1141 864 1192 τῆς
902 1137 1098 1182 ἐνταῦθα
1134 1134 1383 1196 λεγομένης
1422 1132 1659 1189 σύνταξιν,
1699 1134 1853 1194 ἀφορι-

126 1207 280 1264 στέον,
312 1209 349 1252 εἰ
376 1209 449 1253 καὶ
471 1210 710 1268 χαλεπῶς,
741 1206 856 1263 ὅμως
878 1205 970 1263 μην
996 1210 1076 1261 τῆς
1112 1206 1306 1251 ἐνταῦθα
1336 1204 1672 1266 πραγματείας,
1702 1200 1855 1263 ὥσπερ

127 1274 183 1322 ἄν
209 1277 251 1322 εἴ
272 1298 339 1326 τις
363 1275 637 1334 βουλόμενος
662 1274 765 1325 τοὺς
789 1278 981 1325 πολίτας
1008 1273 1228 1330 συντάξαι
1253 1273 1425 1322 πόλεώς
1452 1294 1589 1329 τινος,
1621 1272 1712 1317 οῖον
1738 1271 1855 1317 κατὰ

126 1346 352 1403 τιμήσεις,
398 1343 426 1402 ὴ

125 1417 239 1477 Περὶ
266 1415 314 1461 δὲ
339 1419 428 1461 τῶν
445 1414 746 1472 παθημάτων,
772 1414 860 1460 ὅσα
882 1414 1001 1471 μετὰ
1022 1418 1100 1460 τοῦ
1128 1413 1338 1470 σώματος
1364 1409 1391 1469 ὴ
1419 1411 1492 1458 δια
1519 1411 1569 1457 τὸ
1596 1414 1729 1468 σῶμα
1754 1413 1855 1472 περὶ

1871 1290 1906 1322 15

470 1345 656 1407 τέχνας,
701 1343 804 1395 τοὺς
850 1346 1178 1402 ἐπιδημοῦντας
1223 1343 1371 1399 ξένους
1410 1344 1660 1403 παραλίποι
1699 1343 1852 1403 χωρίς.

124 1484 281 1546 ψυχὴν
307 1487 569 1542 συμβαίνει,
599 1484 701 1545 περὶ
726 1484 897 1530 τούτων
923 1483 1227 1530 ἐπισκεπτέον
1253 1483 1460 1544 ὕστερον,
1491 1481 1610 1530 ὅπως
1641 1480 1851 1537 τακτέον,

125 1554 237 1600 ὅταν
261 1556 363 1616 περὶ
389 1558 478 1600 τῶν
505 1556 701 1601 ἐνταῦθα
729 1557 944 1611 ζητῶμεν.

743 1637 767 1660 8.
789 1637 825 1658 Διὸ
846 1635 887 1666 δεῖ]
910 1637 966 1659 eod.
988 1638 1055 1660 Mon.
1077 1637 1104 1660 C.
1122 1635 1150 1658 διὸ
1168 1635 1192 1660 δὴ
1211 1644 1265 1659 eum

713 1670 789 1693 Marc.
803 1670 834 1692 A.
1301 1668 1329 1691 B,
1345 1668 1400 1691 Vat.
1414 1668 1468 1690 ἐπεί.

744 1710 767 1733 9.
786 1701 850 1732 τῷδε]
870 1702 943 1724 Codd.
958 1702 1026 1725 Mon.
1040 1703 1067 1725 (“.
1089 1702 1154 1725 Med.
1168 1702 1198 1724 B.
1209 1701 1264 1724 Vat.
1336 1707 1371 1731 15.
1385 1700 1447 1722 κατὰ
1460 1699 1566 1728 τιμήσεις]
1586 1699 1706 1721 Italed.
1718 1698 1767 1721 t'iz.
1780 1698 1855 1720 Mare.

712 1736 730 1757 ἐν
743 1734 803 1764 τῷδε.
826 1735 875 1757 (liz.
887 1740 911 1758 et
924 1735 1000 1758 Mare.
1012 1736 1030 1757 ἐν
1042 1736 1130 1765 absque
1142 1734 1203 1763 τῷδε.
1234 1733 1265 1756 11-
1298 1734 1330 1756 A.
1367 1733 1427 1756 Rell.
1449 1740 1503 1755 rum
1524 1732 1567 1754 Ed.
1587 1731 1753 1758 κατατιμνῖσεις,
1772 1736 1856 1760 pra—ter

710 1768 751 1791 lud
764 1768 847 1797 recepi.
1299 1766 1365 1793 Vnt„
1379 1766 1418 1795 qui
1431 1765 1502 1787 habet
1515 1764 1680 1790 κατατιμνῖσῑιν.

746 1808 781 1823 10.
806 1801 844 1822 καὶ
864 1799 933 1829 εἰκὼν]
956 1801 1012 1823 (ἶοιί.
1037 1800 1105 1823 Mon.
1126 1800 1152 1823 C.
1176 1799 1265 1822 omittit
1336 1799 1370 1821 18.
1390 1798 1423 1820 ὸιὶκ.
1442 1797 1531 1825 τούτων]
1554 1797 1637 1823 codd„
1650 1801 1746 1825 excepto
1760 1795 1854 1823 Darm„

711 1834 748 1855 καὶ
760 1841 815 1856 cuni
827 1833 902 1855 Marc..
916 1833 947 1855 Α.
1485 1830 1489 1835 '
1577 1829 1607 1851 Et
1619 1829 1652 1851 sic
1666 1828 1764 1851 correxi.

159 1645 178 1660 1.
192 1638 254 1659 κατὰ
266 1637 316 1667 ’γένη
329 1637 401 1667 θεῖναι]
418 1639 475 1661 Cod.
486 1638 542 1661 Vat.
556 1638 617 1660 κατὰ
631 1647 678 1667 γεν-
1333 1636 1363 1658 il».
1382 1633 1462 1664 ἐπειδὴ]
1485 1635 1558 1657 (odd.
1577 1634 1626 1656 Ciz.
1646 1633 1713 1656 Mon-
1733 1634 1759 1655 (J.
1791 1633 1855 1655 Med.

124 1670 194 1694 ηθῆναι
204 1670 267 1701 (sic).

157 1710 178 1726 2.
197 1702 330 1734 διῃρούμεθα]
350 1703 407 1725 COd.
419 1702 474 1725 Vat.
487 1702 626 1734 διαιρούμεθα.

156 1743 179 1764 3.
198 1736 268 1765 ἄλλα]
290 1736 364 1758 Godd.
374 1735 424 1758 Ciz.
436 1740 460 1758 ct
472 1735 528 1759 Vat.
542 1737 613 1759 ἄλλη.

157 1767 180 1791 6.
199 1768 228 1790 τὰ
240 1767 343 1797 φανέντα]
365 1768 423 1791 Cod.
437 1768 487 1791 Ciz.
499 1769 588 1792 omittit
602 1769 639 1790 wi.

158 1806 179 1829 7.
197 1801 294 1830 ἀνάγειν]
315 1801 373 1823 Cod.
386 1800 443 1823 Vat.
456 1802 559 1830 ἀγαγεῖν,

156 1833 187 1855 il).
206 1833 282 1862 Φωυήν]
304 1833 361 1856 Cod.
373 1833 422 1856 Ciz.
436 1833 499 1862 φωνή.

1299 1840 1380 1854 onmes
1393 1831 1440 1861 περὶ
1453 1839 1539 1851 τουτων,

125 1896 248 1939 cognita
274 1896 400 1927 fuerint.
446 1897 638 1940 Principium
664 1897 769 1939 itaque
794 1897 881 1928 nobis
908 1898 965 1928 erit
1010 1909 1082 1928 nera
1098 1896 1238 1937 cogimur
1254 1896 1412 1937 indagare,
1425 1902 1519 1936 atque
1537 1893 1608 1923 huie
1626 1892 1769 1923 universo
1785 1893 1854 1928 alia,

126 1939 323 1981 hujusmodi:
364 1941 445 1970 Cum
472 1952 571 1971 sermo
594 1940 682 1971 nobis
708 1941 747 1971 de
773 1940 966 1971 sensibilibus

127 1983 288 2019 habeatur,
303 1994 393 2013 omne
411 1994 483 2014 vero
505 1983 644 2014 sensibile
666 1983 724 2014 hoc
747 1984 865 2014 mundo
885 1995 967 2014 com-

125 2025 348 2068 prehendatur,
363 2027 563 2057 necessarium
585 2026 672 2057 nobis
687 2034 732 2057 est
747 2027 786 2058 de
802 2027 919 2057 mundo
935 2027 965 2057 in

127 2068 234 2111 primis
253 2068 417 2110 inquirere,
434 2068 640 2100 dividentibus
662 2070 757 2111 hujus
780 2070 888 2100 mundi
911 2082 965 2100 na-

128 2119 241 2148 turam,
258 2118 351 2152 atque
366 2111 532 2142 dividendo
547 2124 592 2149 ea,
609 2124 645 2143 ex
661 2113 775 2155 quibus
793 2121 838 2144 est
853 2114 965 2144 consti-

128 2162 226 2191 tutus,
243 2154 412 2184 secuudum
428 2166 540 2195 genera
560 2155 616 2186 rite
636 2155 814 2197 disponere:
839 2156 966 2198 perinde

128 2209 162 2228 ac
178 2197 202 2228 si
214 2208 331 2234 vocem,
344 2208 414 2238 quae
429 2197 546 2228 infinita
562 2206 617 2234 est,
630 2199 816 2240 partiremur
827 2199 857 2230 in
871 2211 967 2241 quen-

127 2241 198 2272 dam
215 2247 333 2271 certum
349 2251 511 2270 numerum
527 2241 709 2282 redigentes:
726 2242 801 2273 dum
816 2242 967 2280 videlicet,

128 2283 214 2326 quod
240 2283 300 2314 illic
324 2283 354 2313 in
380 2283 485 2313 multis
510 2283 591 2314 idem
614 2291 669 2322 est,
696 2285 911 2316 reduceremus
937 2286 965 2316 in

129 2338 226 2358 unum
246 2339 251 2356 :
285 2326 397 2356 deinde
420 2337 526 2356 rursus
548 2326 644 2363 aliud,
668 2338 835 2370 rursusque
860 2328 965 2359 simili-

129 2377 175 2401 ter
197 2369 293 2406 aliud,
309 2380 472 2411 quousque
488 2369 518 2398 in
534 2370 667 2410 quodam
693 2381 821 2401 numero
844 2371 965 2402 illorum

130 2412 290 2455 quodlibet
311 2423 504 2454 poneremus,
521 2412 605 2453 quod
625 2419 670 2442 est
693 2412 722 2442 in
745 2414 883 2454 singulis,
899 2426 966 2456 spe-

130 2456 205 2487 ciem
222 2455 421 2498 appellantes.
455 2455 546 2492 Quod
563 2466 635 2485 vero
650 2454 680 2484 in
697 2456 854 2496 speciebus
869 2468 966 2497 genus

130 2510 194 2529 esse
208 2498 355 2536 dieentes,
368 2498 398 2528 in
411 2510 484 2528 voce
499 2497 623 2539 quidem
641 2497 769 2539 speciem
786 2499 965 2539 quamlibet,

131 2541 283 2583 simulque
298 2548 424 2572 cunetas
441 2541 528 2571 nobis
543 2540 602 2570 illic
613 2548 808 2571 occurrentes
823 2541 852 2571 in
870 2553 965 2572 unum

130 2584 271 2626 colligere
286 2584 376 2626 plane
391 2584 504 2621 liceret,
521 2595 554 2614 ae
571 2583 609 2614 de
624 2583 767 2613 omnibus
783 2583 965 2615 elementum

132 2626 234 2658 vocale
249 2627 311 2658 sive
328 2627 453 2666 literale,
468 2627 514 2657 vel
533 2637 637 2657 vocem
660 2625 774 2668 pariter
790 2626 967 2668 praedicare.

133 2671 179 2700 At
191 2681 262 2700 vero
277 2670 308 2701 in
323 2670 382 2708 his,
395 2682 465 2712 quae
482 2681 563 2700 nune
580 2669 771 2710 indagamus,
785 2669 969 2711 impossibile

133 2719 178 2743 est
198 2712 334 2744 similiter
350 2713 526 2755 praedieare,
543 2711 804 2754 quemadmodum
829 2711 858 2742 in
882 2724 970 2755 supe-

134 2755 264 2786 rioribus
279 2756 566 2787 demonstravimus.
601 2756 798 2797 Quapropter
812 2754 901 2796 plura
916 2768 969 2797 ge-

1010 1952 1103 1982 quam
1127 1936 1186 1970 illie
1210 1939 1383 1981 assignare:
1410 1936 1661 1980 quandoquidem
1684 1944 1714 1966 et
1732 1936 1852 1966 univer-

1011 1995 1077 2014 sum
1104 1983 1161 2013 hoe
1184 1989 1230 2013 est
1252 1983 1291 2013 ab
1316 1981 1367 2012 illo
1391 1982 1558 2017 diversum,
1584 1991 1684 2020 neque
1706 1991 1775 2010 cum
1804 1979 1855 2009 illo

1012 2026 1142 2057 univoca
1164 2026 1307 2056 convenit
1330 2025 1457 2061 ratione,
1474 2023 1526 2053 scd
1547 2031 1592 2053 est
1615 2022 1808 2064 :equivocum
1826 2031 1855 2053 et

1010 2070 1120 2111 imago.
1167 2069 1319 2106 Quoniam
1337 2080 1410 2098 vero
1425 2067 1519 2098 ethic
1540 2066 1569 2096 in
1592 2065 1739 2096 mixtione
1762 2074 1855 2107 atque

1011 2112 1231 2155 compositione
1251 2112 1371 2142 diversa
1394 2118 1476 2146 sunt,
1493 2117 1523 2140 et
1546 2108 1629 2139 aliud
1647 2108 1772 2150 quidem
1789 2120 1854 2139 cor-

1011 2168 1070 2198 pus
1096 2163 1152 2191 est,
1179 2155 1263 2185 aliud
1290 2154 1410 2185 anima:
1446 2153 1624 2183 universnm
1652 2163 1786 2193 namque
1810 2160 1855 2182 est

1010 2198 1135 2235 animal,
1151 2198 1217 2240 ipsa
1232 2209 1305 2228 vero
1321 2205 1431 2227 natura
1453 2195 1563 2226 animae
1587 2195 1616 2225 in
1641 2194 1693 2225 illo
1714 2195 1855 2237 intelligi-

1011 2242 1064 2272 bili
1081 2241 1198 2272 mundo
1213 2241 1389 2275 consistens,
1403 2251 1463 2270 non
1480 2239 1622 2280 congruit
1638 2238 1668 2268 in
1684 2238 1791 2268 eodem
1808 2250 1854 2268 or-

1011 2285 1083 2315 dine
1098 2296 1169 2316 cum
1186 2284 1247 2322 illa,
1263 2296 1334 2326 quae
1350 2283 1399 2313 hic
1415 2282 1544 2313 essentia
1567 2281 1759 2312 nominatur:
1786 2281 1854 2311 ideo

1011 2327 1201 2371 segreganda
1212 2335 1257 2358 est
1270 2327 1337 2369 ipsa
1349 2326 1486 2368 quidem,
1499 2325 1640 2367 quamvis
1656 2324 1694 2355 sit
1709 2324 1853 2361 arduum,

1011 2371 1201 2413 segreganda
1217 2378 1318 2401 tamen
1335 2382 1352 2400 a
1367 2368 1508 2411 praesenti
1526 2376 1644 2398 natura*
1665 2368 1759 2409 hujus
1779 2379 1853 2397 con-

1009 2414 1135 2452 ditione,
1151 2426 1244 2456 quam
1261 2414 1290 2444 in
1308 2413 1471 2456 praesentia
1492 2419 1732 2454 pertractamus:
1758 2422 1812 2441 ceu
1831 2410 1851 2439 si

1009 2457 1079 2499 quis
1095 2457 1199 2488 volens
1219 2456 1351 2487 civitatis
1371 2456 1501 2497 alicujus
1521 2455 1602 2485 cives
1622 2454 1783 2496 disponere
1800 2465 1853 2495 per

1008 2512 1127 2537 census,
1138 2508 1169 2531 et
1181 2500 1322 2537 honores,
1333 2507 1360 2530 et
1378 2506 1469 2536 artes,
1482 2497 1659 2540 peregrinos
1674 2505 1703 2527 et
1719 2497 1853 2527 advenas

1010 2543 1163 2586 relinquat
1183 2556 1201 2574 a
1216 2543 1334 2574 civibus
1357 2549 1542 2583 segregatos.
1589 2541 1637 2570 l)e
1662 2539 1853 2582 passionibus

1011 2593 1113 2617 autem
1130 2594 1332 2628 quotcunque
1353 2597 1414 2616 una
1434 2596 1504 2615 cum
1521 2595 1647 2625 corpore
1664 2583 1708 2613 vel
1728 2590 1852 2624 propter

1011 2640 1123 2671 corpus
1146 2629 1256 2660 animm
1278 2628 1434 2663 accidunt,
1451 2635 1525 2658 tunc
1542 2627 1679 2663 demum,
1696 2623 1852 2667 quomodo

1012 2671 1071 2702 sint
1089 2671 1300 2714 disponendae,
1318 2670 1528 2706 tractabimus,
1545 2676 1708 2711 postquam
1732 2667 1770 2697 de
1794 2666 1850 2701 liis,

1012 2726 1083 2755 qua*
1102 2715 1159 2745 hoc
1178 2714 1295 2745 mundo
1311 2713 1433 2756 proprie
1453 2713 1660 2748 continentur,
1677 2711 1852 2751 disputave-

1014 2767 1118 2787 rimus.
