2102 3015
794 165 931 201 ΠΡΟΣ
961 164 1245 201 ΠΛΩΤΙΝΟΝ.
1785 178 1879 213 1421

157 268 227 319 γὰρ
255 268 366 319 νοερὰ,
385 268 518 319 πρώτη,
537 268 599 306 οὐκ
628 266 711 306 αὐτὸ
740 267 775 306 δὲ
804 271 916 314 τοῦτο,
936 284 976 305 το
1006 265 1060 315 (τὸ
1089 267 1240 306 deest
1232 282 1272 306 111
1295 268 1386 308 V.at
1411 268 1531 315 male)
1556 267 1640 308 εἶναι
1665 269 1778 321 ψυχή.
1810 270 1880 308 ἐπεὶ

159 342 248 363 κατα
273 342 312 374 γε
339 329 452 369 τοῦτο,
472 324 535 374 οὐχ
554 323 574 371 ἡ
600 340 663 371 μεν
681 326 832 371 μᾶλλον,
852 323 872 371 ἡ
890 324 918 360 δ’
940 323 1056 371 ἧττον·
1087 325 1202 360 πᾶσαι
1221 322 1290 372 γὰρ
1309 323 1429 374 ἐξισου
1448 325 1576 376 ψυχαί·
1607 325 1763 363 ἀλλ’ὅτι
1790 325 1875 373 ἀκή-

158 397 274 430 ρατος,
293 381 349 418 καὶ
375 381 426 417 ἀει
449 378 490 429 ζῇ
508 380 564 416 καὶ
590 395 658 416 νοει
681 380 737 416 καὶ
761 378 915 428 γνησίως
935 378 1003 429 ε”χει
1021 376 1110 428 πρὸς
1128 376 1169 416 τὸ
1188 381 1328 427 πρῶτον
1345 379 1463 426 αἰτιον,
1484 381 1543 417 καί
1558 397 1599 429 γε
1618 380 1680 420 τὰς
1698 398 1777 430 περι
1797 380 1880 419 αὐτὸ

159 437 251 485 (περι
270 436 375 473 αὐτοῦ
397 435 428 472 V
435 437 505 479 at.)
496 433 651 485 )φυ’σεις
671 451 726 472 και
752 433 882 484 νοεροίς
914 432 1054 483 δευτερα
1073 433 1100 471 δ’
1122 432 1289 480 αἴσθησις
1309 435 1365 471 καὶ
1390 452 1410 481 77
1435 434 1523 473 κατὰ
1542 435 1671 483 ταύτην
1691 434 1844 487 ψυχὴ,
1823 453 1881 474 ατε

159 490 201 539 δὴ
222 492 278 528 καὶ
297 489 433 538 δεκτικὴ
455 490 526 539 (sic
543 489 636 528 Vat.
649 489 770 528 Vind.
791 489 896 528 male
916 488 1079 540 δεικτική)
1099 490 1160 536 τῆς
1178 487 1329 538 πρώτης,
1346 490 1402 526 καὶ
1422 490 1593 538 δυναμένη
1612 491 1880 541 συμμίγνυσθαι

159 545 277 596 ταύτῃ,
298 547 354 583 καὶ
380 544 750 594 συνανακεκρᾶσθαιὶδ,
771 546 826 582 καὶ
851 545 923 592 μετ’
945 545 1050 592 αὐτῆς
1068 545 1229 594 ἐνεργεῖν.
1261 544 1381 593 τρίτην
1404 544 1439 582 δὲ
1466 546 1592 592 θετέον,
1611 550 1755 597 τροφῶν
1772 546 1881 594 μόνον

159 600 453 650 ἀντιληπτικήνῑῖ).
485 603 512 638 εὶ
533 600 572 637 δέ
587 617 627 648 γε
651 601 707 637 καὶ
732 599 932 648 αἰσθήσεως
951 601 1008 638 καὶ
1033 600 1139 647 αὐτῆς
1158 598 1200 647 δὴ
1219 598 1347 647 ταύτης
1366 601 1427 647 τῆς
1447 603 1630 649 θρεπτικῆς
1650 602 1747 640 ἔστιν
1766 603 1882 652 ἕτερον

157 656 279 704 μέσον,
299 655 420 696 ἀτελὲς
437 654 500 703 μὲν
518 654 582 703 τὴν
608 654 777 703 αἴσθησιν
799 656 855 693 καὶ
881 655 1005 704 ὀλίγον
1024 655 1129 702 αὐτῆς
1147 654 1304 705 μετέχον,
1323 653 1363 692 τὸ
1389 654 1425 692 δὲ
1451 655 1577 693 λοιπὸν
1598 659 1668 707 (καὶ
1694 657 1735 695 τὸ
1754 657 1880 696 λοιπὸν

160 712 302 763 Vind.)
328 710 424 750 ἅπαν
450 709 538 748 κατὰ
563 708 607 747 τὰ
633 709 738 761 φυτά·
771 712 827 748 καὶ
852 711 943 749 οὕτω
969 710 1011 759 δὴ
1036 714 1227 758 μεσιτεῦον,
1248 711 1310 748 οὐκ
1335 710 1567 758 ἀκοινώνητον
1591 716 1774 753 παντελῶς
1796 711 1880 751 εἶναι

157 771 251 805 ποιεῖ
270 766 334 814 τὴν
352 769 422 804 τῶν
442 765 703 812 αἰσθανομένων
722 766 833 817 φύσιν
851 765 940 816 πρὸς
959 765 1022 814 τὴν
1041 767 1077 803 ἐν
1095 769 1166 806 τοῖς
1185 766 1409 816 τρεφομένοις
1427 764 1536 813 μόνον
1555 767 1610 804 καὶ
1636 768 1881 819 αὐξανομένοις

158 821 258 872 ζωήν.
291 821 384 859 ἐστω
409 820 450 869 δὴ
474 819 545 858 οὐν
566 822 622 858 καὶ
648 825 750 858 τοῦτο
776 838 832 859 και
856 821 1018 870 λεγεσθω
1037 838 1202 870 τεταρτον
1220 819 1309 861 εἶδος
1328 823 1460 872 ψυχης·
1493 822 1549 859 καὶ
1569 838 1654 870 γουν
1674 824 1762 861 οὕτω
1781 824 1882 874 ψυχὴ

159 879 279 929 ψυχης
308 877 424 924 ἄλλης
450 876 546 924 ἄλλη
578 893 849 941 προσηρτημενη
881 876 1187 927 (προσηρτημενης
1211 876 1305 915 Vat.
1337 891 1428 916 cun]
1458 877 1547 916 Pal.
1574 877 1745 925 male),
1730 895 1787 926 ητε
1814 879 1885 917 ἄνω

159 932 314 971 κάτεισιν
333 933 389 970 ἐπὶ
414 930 478 980 τὴν
501 935 684 997 παντελῶς
710 930 814 978 κάτω,
834 934 877 982 τῇ
902 935 972 970 τῶν
997 931 1124 983 ἐφεξῆς
1146 931 1282 983 μεθεξει
1307 933 1363 970 καὶ
1390 933 1559 984 κοινωνία,
1580 949 1635 970 και
1660 950 1747 981 αυτη
1773 934 1883 972 πάλιν

159 989 202 1027 αὖ
222 987 412 1026 κάτωθεν’
395 1004 528 1025 ανεισιν
546 988 601 1024 ἐπὶ
620 985 684 1035 τὴν
702 986 854 1052 πρώτην,
874 987 1071 1058 ε’ξαφθεῖσα
1090 990 1160 1025 τῶν
1178 1005 1298 1036 μεσων
1317 989 1373 1025 καὶ
1392 988 1433 1025 δι’
1455 988 1569 1026 αὐτῶν
1587 987 1720 1026 τούτων
1739 990 1873 1055 ἀνενεχ-

158 1042 291 1089 Oeam&
308 1045 354 1083 ὡς
374 1042 416 1080 ἂν
436 1041 478 1090 δὴ
497 1044 554 1080 καὶ
574 1042 592 1079 ὁ
611 1045 680 1082 πᾶς
699 1041 832 1090 κόσμος
851 1048 950 1082 οὗτος
971 1044 1027 1080 καὶ
1046 1041 1214 1091 κινήσεως
1234 1060 1289 1080 και
1309 1042 1396 1092 ζωῆς
1414 1043 1577 1094 μετέχων,
1593 1042 1776 1082 συννεύσει
1795 1062 1883 1111 προς

158 1098 281 1138 ἑαυτον
307 1098 378 1136 ἅνω
404 1096 446 1145 δὴ
471 1097 595 1144 βλεπει
620 1097 763 1144 (βλεποι
786 1098 875 1137 Pal.
898 1112 990 1137 cum
1013 1099 1120 1143 Vat.)
1148 1100 1209 1146 τῆς
1233 1099 1375 1148 πρώτης
1400 1099 1510 1139 αἰτίας
1536 1099 1696 1146 οὐδαμῶς
1721 1100 1880 1150 ἀπερῥω-

158 1154 275 1203 γὼςῖθ,
295 1152 384 1191 οὐδὲ1
403 1151 463 1191 τὸν
484 1155 548 1204 (τῷ
569 1153 681 1198 Vat.)
701 1151 789 1203 πρὸς
809 1152 914 1191 αὐτὸν
933 1155 968 1192 ἐν
993 1154 1103 1192 οὐδενὶ
1131 1153 1337 1194 καταλύσας
1359 1154 1471 1204 ἔρωτα
1499 1154 1580 1192 οὐδέ
1599 1172 1639 1203 γε
1664 1153 1727 1202 τὴν
1751 1155 1884 1207 ἔφεσιν,

158 1209 301 1248 πάντων
315 1212 385 1246 τῶν
398 1208 590 1246 τοιούτων““
609 1211 724 1257 μερῶν
743 1209 870 1247 ἐκείνου
890 1208 932 1257 δὴ
951 1213 1014 1247 τοῦ
1032 1209 1173 1259 πρώτου
1190 1211 1246 1247 καὶ
1265 1209 1373 1257 μόνον
1387 1209 1486 1249 ὄντος
1504 1210 1692 1261 ἐφιεμένων
1707 1211 1778 1261 (ὑπ’
1795 1212 1882 1249 ἐκεί-

160 1283 220 1304 νου
239 1282 296 1303 και
315 1281 551 1314 συνεχομενην
571 1264 686 1302 addit
706 1264 799 1303 Vat.
806 1270 836 1315 ¹¹)

214 1337 248 1370 γ.
279 1320 335 1357 Οὐ
354 1318 424 1367 μὴν
442 1318 539 1356 ἀλλά
558 1336 637 1368 περι
655 1321 775 1370 ψυχῆς
794 1337 857 1366 μεν
876 1337 932 1357 και
953 1322 1023 1357 τῶν
1042 1318 1169 1367 ταύτης
1189 1321 1288 1357 εἱδῶν
1308 1319 1449 1369 εἰρηται·
1481 1321 1537 1358 καὶ
1558 1320 1609 1358 ὅτι
1629 1320 1669 1358 τὸ
1688 1338 1752 1367 μεν
1771 1321 1884 1359 αὐτῶν

161 1375 279 1426 νοερὸν
302 1373 342 1413 ὃν
365 1375 421 1412 καὶ
447 1375 584 1412 ἁπλοῦν
602 1375 679 1412 ἐστι
705 1377 761 1412 καὶ
786 1373 970 1421 ἀθανατον,
991 1373 1294 1420 (και-ἀθανατον
1313 1375 1418 1414 male
1446 1375 1585 1415 exulat
1605 1391 1626 1415 e
1648 1376 1741 1415 Vat.
1747 1378 1760 1423 )
1780 1375 1825 1414 τὰ
1850 1377 1886 1414 δὲ

158 1433 195 1470 ἐκ
220 1431 420 1469 συνθεσεως
438 1429 620 1478 γεγονότα,
639 1447 696 1468 και
715 1432 833 1481 φθορᾷ
852 1431 908 1468 καὶ
933 1429 1050 1480 ῥεύσει
1070 1432 1126 1468 καὶ
1152 1429 1255 1468 λύσει
1275 1430 1440 1468 δουλεύει·
1472 1431 1520 1469 ἐτι
1545 1431 1580 1469 δε
1607 1433 1662 1469 καὶ
1688 1431 1741 1469 ὅτι
1759 1449 1845 1480 μητε
1866 1433 1884 1470 ὁ

158 1488 194 1525 ἐν
217 1489 266 1538 τῷ
291 1485 365 1537 ζώω
389 1489 449 1522 τοῦ
473 1484 659 1534 ἀνθρώπου
684 1489 762 1526 νοῦς
785 1486 1011 1537 προϋπῆρξεν
1030 1486 1135 1524 αὐτοῦ
1154 1489 1216 1523 τοῦ
1236 1489 1313 1533 (τοῦ
1341 1487 1454 1525 abest
1483 1501 1506 1525 a
1527 1487 1619 1526 Vat.
1643 1486 1764 1535 male)
1785 1487 1882 1537 ζώου,

158 1543 214 1580 καὶ
239 1540 539 1592 προϋφέστηκενο,
558 1539 643 1588 μήτε
669 1540 710 1578 τὸ
734 1539 820 1589 ζῶον
844 1539 922 1579 τόδε
947 1545 1009 1579 τοῦ
1037 1545 1107 1588 νοῦ,
1127 1542 1209 1578 ἀλλ’
1231 1542 1317 1589 ὁμοῦ
1343 1546 1465 1579 ταῦτα.
1488 1545 1516 1579 εὶ
1543 1543 1571 1579 δ’
1593 1544 1629 1580 ἐκ
1648 1546 1728 1589 μιᾶς
1748 1544 1803 1580 καὶ
1823 1545 1885 1590 τῆς

158 1598 263 1645 αὐτῆς
281 1598 390 1646 ἀρχῆς
409 1597 466 1633 καὶ
485 1594 653 1643 κινήσεως
671 1595 719 1644 μὴ
738 1595 860 1641 βούλει
876 1596 1037 1645 θνητὸν
1023 1614 1094 1645 αμα
1113 1613 1170 1634 και
1189 1595 1364 1635 ἀθάνατον
1379 1600 1589 1646 γεγενῆσθαι
1609 1600 1681 1649 (και
1701 1601 1807 1645 σῶμα
1826 1616 1883 1636 και

158 1653 350 1701 ἀσώματον
378 1651 470 1690 add.
495 1651 585 1689 Vat.
614 1658 654 1690 et
682 1652 772 1690 Par.
778 1652 803 1697 ),
823 1651 921 1689 ἀλλὰ
948 1655 1018 1689 τῶν
1047 1651 1108 1689 δύο
1137 1651 1330 1701 θάτερον,
1313 1670 1334 1700 77
1362 1652 1601 1703 προϋπάρχειν
1630 1651 1792 1700 δηλονότι
1821 1671 1882 1691 τον

160 1712 240 1747 νοῦν
258 1707 279 1756 ἦ
299 1707 376 1755 μηδ’
394 1707 429 1744 ἐν
449 1704 522 1758 ζώω
542 1709 657 1758 θνητῶ
676 1705 870 1745 εἶναι-δεῖ
885 1706 954 1757 γὰρ
973 1724 1035 1745 του
1054 1724 1116 1755 μεν
1136 1710 1296 1758 φθαρτοῦ
1315 1707 1433 1755 ἄλλην
1448 1707 1560 1776 ἀρχὴν
1580 1725 1635 1745 και
1656 1709 1767 1746 αιτίαν
1786 1707 1880 1750 εἶναι,

157 1763 276 1813 ἑτεραν
305 1763 436 1800 δἐἶναι
464 1760 527 1809 τὴν
555 1778 617 1799 του
645 1761 1025 1813 ἀφθάρτου-λεκτέον
1051 1761 1094 1800 ἂν
1119 1763 1201 1810 ημῖν
1226 1762 1276 1810 ε’ί77
1303 1764 1359 1801 καὶ
1384 1780 1463 1812 περι
1489 1780 1612 1801 τουτου
1638 1762 1719 1812 τόγε
1746 1765 1879 1802 δοκοῦν.

159 1818 271 1870 χλόην
291 1819 436 1883 ὁρῶμεν
443 1834 499 1854 και
526 1815 688 1865 καλάμην
708 1834 764 1855 και
783 1821 894 1863 σῖτον,
914 1818 992 1856 οὔτε
1011 1819 1039 1855 δ’
1061 1835 1081 1865 77
1100 1817 1192 1868 χλόη
1212 1817 1354 1866 καλάμη
1374 1819 1446 1856 οὔθ’
1467 1836 1487 1866 77
1508 1817 1650 1866 καλάμη
1669 1822 1779 1858 σῖτος·
1811 1819 1879 1857 πό-

158 1891 258 1923 τερον
276 1873 336 1910 οὐν
356 1873 374 1909 ὁ
394 1875 492 1912 σῖτος
510 1889 579 1922 προ
598 1874 660 1920 τῆς
679 1872 839 1921 καλαμης
855 1873 942 1921 (ουθ’
945 1872 1161 1921 -καλάμης
1181 1874 1360 1912 desunt
1352 1888 1393 1912 ln
1410 1873 1534 1913 vlnd.
1540 1878 1584 1925 )
1574 1873 1594 1938 77
1615 1892 1635 1921 77
1655 1872 1797 1922 καλάμη
1811 1892 1880 1924 προ

158 1932 220 1977 τῆς
243 1926 392 1978 χλόης,
382 1926 403 1974 ὴ
430 1927 516 1974 ὁμου
541 1932 661 1975 ταῦτα,
681 1930 737 1966 καὶ
762 1928 854 1978 χλόη
881 1930 937 1966 καὶ
962 1928 1104 1976 καλάμη
1125 1945 1181 1966 και
1200 1932 1318 1975 σῖτος,
1350 1945 1377 1966 ει
1394 1928 1460 1995 μὲν
1479 1946 1548 1978 γαρ
1567 1930 1585 1966 ὁ
1605 1933 1704 1969 σῖτος
1722 1929 1792 1979 πρὸ
1811 1933 1881 1968 τῶν

159 1987 304 2029 λοιπῶν,
323 1981 431 2020 πόθεν
450 1983 642 2031 γενόμενος,
661 1985 717 2021 καὶ
740 1984 777 2021 ἐκ
796 1984 897 2024 ποίας
917 1983 1032 2032 ἄλλης
1050 1985 1160 2034 ἀρχῆς
1179 2000 1236 2021 και
1262 1984 1371 2024 αἰτίας
1389 1982 1411 2031 ἦ
1431 1984 1473 2035 ἐξ
1490 1988 1538 2021 ὡν
1557 1986 1677 2031 ἐκεῖνα,
1697 1987 1723 2022 εὶ
1744 1986 1771 2022 δ’
1794 1985 1882 2023 αὐτὰ

159 2044 288 2077 ‘raurap
317 2037 386 2087 πρὸ
415 2041 475 2075 τοῦ
504 2039 615 2085 σίτου,
634 2039 739 2077 ποίαν
767 2039 885 2103 ἄλλην
911 2039 994 2090 ἐσχε
1020 2038 1083 2087 τὴν
1109 2039 1230 2085 αἱτιαν,
1250 2039 1369 2088 ἑτεραν
1391 2039 1503 2077 οὖσαν
1521 2057 1582 2087 της
1601 2040 1881 2089 προενεγκούσης

159 2112 221 2133 τον
239 2097 351 2139 σῖτον,
371 2110 426 2130 και
452 2091 542 2132 ὅλως
562 2096 589 2131 εἰ
607 2092 655 2141 μὴ
675 2095 794 2141 ἐκεῖνα,
813 2098 888 2134 πῶς
908 2095 1018 2141 οὗτος,
1038 2094 1112 2146 ἐξ’
1096 2094 1232 2132 εκείνων
1252 2093 1333 2144 γάρ·
1366 2097 1393 2132 εἰ
1414 2094 1449 2132 δὲ
1467 2093 1515 2143 μὴ
1535 2112 1645 2142 ουτος,
1665 2098 1740 2135 πῶς
1759 2100 1879 2139 ταῦτα,

159 2150 201 2202 ἐξ
218 2150 323 2187 αὑτοῦ
341 2147 421 2197 γάρ·
453 2149 509 2185 καὶ
535 2148 642 2199 ἄμφω
668 2148 710 2197 δὴ
735 2154 845 2188 ταῦτα
863 2153 1077 2217 συνορῶμεν,
1097 2149 1158 2188 τόν
1178 2157 1236 2198 γε(Ι
1257 2153 1368 2195 σῖτον,
1387 2149 1456 2200 πρὸ
1482 2151 1628 2197 ἐκείνων,
1648 2152 1787 2189 κάκεῖνα
1809 2151 1878 2201 πρὸ

159 2204 294 2251 τούτου,
314 2221 370 2241 και
397 2219 473 2241 ουτε
498 2203 600 2241 σίτου
625 2206 767 2252 μηδαμῆ
792 2205 1000 2253 μηδαμῶς’
978 2223 1077 2246 οντος
1097 2206 1158 2243 οὐκ
1184 2203 1226 2243 ἂν
1244 2222 1380 2254 γενοιτο
1406 2206 1483 2243 οὔτε
1509 2205 1600 2256 χλόη
1621 2207 1697 2244 οὔτε
1723 2205 1881 2254 καλαμη

202 2308 228 2330 1⁸
249 2308 431 2343 ἀνακεκρᾶσθαι
446 2307 513 2334 Vat.
550 2308 592 2334 De
606 2308 661 2336 hoc
677 2309 827 2337 verborum
842 2320 946 2348 genere
962 2310 998 2338 cf.

162 2352 269 2378 Annot.
287 2349 315 2375 in
333 2348 435 2375 l'lotin.
450 2358 477 2384 p.
492 2348 539 2383 56.
553 2349 586 2374 A.

204 2389 228 2410 l'-'
244 2390 287 2416 Ad
303 2389 363 2415 haec
379 2394 406 2415 ct
422 2389 572 2424 sequentia
587 2389 714 2416 adhiberi
728 2396 823 2426 potest
836 2391 916 2418 locus
934 2391 997 2418 Pla-

1041 2312 1168 2346 συζυγίας.

1081 2351 1087 2371 l
1110 2351 1180 2379 Cod.
1198 2350 1262 2377 Par.
1279 2352 1351 2377 οὐδέν
1365 2351 1428 2379 οὐδ’.

1082 2397 1103 2411 ¹¹¹
1126 2391 1196 2418 (iod.
1213 2392 1274 2418 Par.
1290 2395 1340 2418 τῶν
1353 2392 1454 2419 τούτου.
1496 2393 1586 2420 Bene.

160 2431 236 2460 tonis
251 2431 280 2457 in
297 2429 415 2456 Phaedro
438 2438 498 2465 cap.
519 2437 562 2463 25.
584 2429 614 2454 ‘ll
632 2430 705 2463 ψυχὴ
719 2432 791 2456 πᾶσα
805 2433 898 2458 παντὸς
913 2433 997 2465 ἐπιμε-

160 2474 241 2499 λεῖται
262 2473 308 2496 τοῦ
329 2469 434 2504 ἀψύχου
449 2481 471 2496 κ.
484 2480 506 2495 τ.
520 2471 546 2496 λ.
590 2469 660 2496 (¹011.
679 2470 793 2497 Plotiuo
808 2481 833 2507 p.
850 2472 914 2507 283.
932 2480 998 2507 372,

164 2513 228 2548 376.
243 2512 310 2546 482.
341 2510 419 2537 Adde
437 2509 582 2536 Hermian]
599 2510 633 2537 ad
649 2510 756 2538 Phaedr.
774 2520 801 2547 p.
820 2520 882 2546 130.
896 2518 924 2539 et
939 2514 998 2539 Ast.

161 2563 187 2589 P¹
205 2560 271 2587 293·

202 2591 209 2611 i
232 2591 302 2619 Cod-
320 2591 381 2617 I’ar.
398 2590 505 2616 omittit
520 2590 571 2616 οὖν.

202 2632 216 2652 k
240 2631 310 2659 (Jod.
329 2630 394 2657 Par.
410 2631 552 2664 ιὶνεχθεῖσιι.
596 2631 664 2657 ᾎῙΟΧ
681 2631 803 2657 συννεύοι.

202 2672 230 2693 20
252 2672 283 2699 Id
300 2677 341 2699 est
362 2671 560 2705 (ἶπεσχισμένυς,
576 2671 632 2698 vid.
649 2670 726 2698 Silid.
751 2671 778 2698 in
801 2681 827 2698 V.
844 2671 865 2698 I.
889 2681 914 2708 p.
934 2680 1000 2709 255.

163 2713 231 2749 ibiq.
248 2711 379 2750 Gregorii
395 2711 573 2739 Nazianzeni
588 2711 664 2739 hoec:
687 2713 731 2745 τῆς
752 2713 831 2746 φιλης
851 2712 1001 2748 ἀπερῥωγὼς

1081 2437 1095 2451 ¹¹
1123 2432 1193 2459 Cud.
1217 2432 1279 2459 Par.
1303 2434 1380 2466 μόνου
1404 2433 1476 2460 ὄντος
1498 2434 1636 2468 ἐφιεμένων
1662 2432 1702 2458 ὑπ’
1727 2433 1818 2458 ἐκείνου
1843 2435 1880 2458 καὶ

1040 2473 1224 2507 συνεχομένων.
1269 2472 1354 2499 Belle.

1083 2518 1096 2532 0
1118 2513 1187 2540 Cod.
1206 2513 1265 2539 l’ar.
1280 2514 1472 2548 προϋφέστηκε.

1082 2559 1095 2579 Ρ
1118 2553 1190 2581 Cod.
1207 2553 1268 2580 Par.
1283 2554 1304 2579 εἶ
1319 2553 1340 2579 δ’
1356 2552 1387 2579 αὖ
1399 2556 1485 2579 ταῦτα.

1082 2599 1095 2619 q
1118 2595 1161 2620 τόν
1175 2605 1201 2620 τε
1218 2594 1289 2621 Cod.
1308 2594 1367 2620 l’ar.
1412 2594 1509 2620 Recte.

1082 2639 1093 2653 Υ
1115 2634 1186 2661 Cod.
1211 2634 1271 2660 Par.
1296 2633 1444 2670 distinguit
1465 2638 1531 2669 post
1552 2634 1658 2666 καλάμη.

1042 2674 1094 2700 οὔτ’
1109 2684 1161 2711 pro
1176 2677 1242 2700 οὕτε.

1702 2632 1769 2659 Mox
1796 2634 1882 2661 habet
