2102 3015
718 155 982 191 ΔΙΑΛΟΓΟΣ
1009 155 1128 192 ΠΕΡΙ
1158 156 1352 193 ΨΥΧΗΣ.
1806 167 1906 206 1435

110 229 228 297 38καὶ
248 259 329 308 ἡμῖν
348 259 384 297 ἐν
403 262 453 297 τῶ
472 259 621 311 ἐμφανεῖ
636 258 718 297 εἰπέ.
752 260 798 299 ὡς
817 258 917 307 ε’μέγε
942 262 1119 297 πολλακις
1139 257 1264 310 ἔθραξε
1287 258 1422 307 μήποτε
1448 259 1516 309 ἄρα
1542 261 1591 310 τῷ
1617 258 1690 297 ὅντι
1712 258 1906 308 παγκάλως

171 316 281 355 οὕτως
300 315 389 366 ἔχων
408 313 515 355 τόπος
534 314 747 366 ἀφανισθείη
766 313 803 352 τὲ
829 315 886 352 καὶ
911 313 1094 352 ἀπόλοιτο.
1126 314 1336 352 κινδυνεύετε
1357 316 1450 362 ὑμεῖς
1468 314 1526 362 ἐμὲ
1544 314 1748 365 πειρώμενοι
1771 315 1834 353 οὐκ
1857 318 1904 355 εἷς

171 373 313 421 φαῦλον
342 371 510 418 ἐμβαλεῖν
539 371 670 420 ἀγῶνα·
712 370 863 419 ἡγοῦμαι
891 368 960 419 γὰρ
989 368 1099 418 ἔγωγε
1132 369 1189 406 καὶ
1221 369 1283 406 τὸν
1312 370 1603 419 θαρραλεώτατον
1632 372 1832 418 ἀποκυῆσαι
1861 370 1904 409 ἂν

170 426 309 464 ἐναντία
334 425 460 464 θέσθαι
485 424 549 473 τὴν
574 425 718 475 γνώμην
743 428 786 475 τῇ
812 428 874 463 τοῦ
899 423 1059 472 πλήθους
1078 422 1177 475 δόξη.
1210 425 1265 461 καὶ
1286 424 1354 472 ἐγὼ
1374 425 1486 463 εἴποτε
1507 427 1563 463 καὶ
1582 425 1706 464 ἄλλοτ’
1728 428 1764 464 ἐν
1782 425 1904 475 λόγοις

171 480 352 521 καταστὰς
371 483 417 521 εἰς
437 480 569 519 δειλίαν
589 479 675 525 οῖδα,
696 481 795 528 οὕμοι
822 483 917 518 δοκεῖ
939 481 985 520 ὡς
1004 480 1039 517 ἐν
1059 482 1108 517 τῶ
1133 478 1281 528 παρόντι
1307 480 1343 516 ἐν
1365 479 1511 528 μεγάλω
1537 479 1621 519 εἶναι
1642 480 1758 533 φόβω.
1791 483 1848 519 καὶ
1867 483 1904 520 εὐ

172 536 258 575 ἴστε·
290 536 343 574 ὅτι
365 539 393 574 εὶ
416 534 464 584 μὴ
484 535 640 584 συνήθης
660 535 804 587 σφόδρα
823 534 909 574 σύτε
929 533 956 573 ὦ
974 533 1149 583 τιμόκλεις
1169 535 1227 572 καὶ
1246 534 1308 572 τὸν
1327 534 1442 572 ἄλλον
1462 535 1588 585 χρόνον
1607 536 1717 584 ἦσθα·
1749 537 1865 575 ἔπειτα
1884 539 1903 575 ὁ

170 595 252 632 παῖς
272 591 328 630 ὅδε
348 594 397 629 τῶ
416 594 546 642 βραχεῖ
560 593 647 629 τῶδε
666 594 784 641 καιρῶ,
805 591 874 629 οὐδ’
890 589 933 628 ἂν
952 591 1077 640 ἐμοῦγε
1097 589 1235 630 ἑκόντος
1254 588 1352 628 οὐδὲν
1371 590 1556 637 ἠκούσατε·
1588 593 1666 630 οὕτε
1684 593 1764 642 περὶ
1783 592 1823 630 οῦ
1843 597 1904 631 νῦν

171 648 190 685 ὁ
219 646 328 696 λόγος
356 647 448 694 ἡμῖν,
468 648 545 684 οὔτε
573 647 652 696 περὶ
682 646 799 684 ἄλλοι)
825 644 973 693 οὐδενὸς,
996 647 1032 684 ἐν
1059 645 1108 686 οἷς
1134 645 1439 684 ἀποκινδυνευτεόν
1464 645 1526 693 εἵη·
1563 646 1660 697 ὅχλω
1688 646 1901 698 μαχόμενον·

170 701 269 740 ἀλλὰ
296 704 383 751 σιγῆ
409 701 449 739 τὸ
477 701 668 750 λεγόμενον
693 701 841 753 πτήξας,
861 705 1029 752 παρεῖχον
1056 699 1098 739 ἂν
1127 700 1275 748 ἐμαυτὸν
1300 702 1418 751 ῥᾶστα
1444 701 1591 739 ἕπεσθαι
1618 702 1651 740 οἷ
1676 704 1768 750 ὑμεῖς
1787 703 1899 752 ἤγετε.

172 759 245 796 νυνὶ
265 757 299 795 δὲ
318 755 435 805 ἐπειδή
450 773 509 805 μοι
525 757 626 808 φίλοι
645 756 735 803 ἐστὲ,
750 755 963 807 πειράσομαι
982 760 1123 806 πρῶτον
1138 755 1201 804 μὲν
1221 757 1309 804 ὑμᾶς
1323 755 1532 807 ἀπαλλάξαι
1551 761 1613 794 τοῦ
1633 759 1679 798 ὡς
1698 758 1902 806 ἀληθέστα-

170 829 232 850 τον
251 813 416 862 ἡγεῖσθαι
435 811 499 857 &rc
518 830 570 853 τις
585 812 673 850 ε’ίποι
693 813 846 860 οὐδαμοῦ
867 811 1167 861 ἀποδεδειγμένον.
1199 811 1317 850 ἔπειτα
1336 812 1393 849 καὶ
1410 813 1490 861 περὶ
1504 813 1604 849 τοῦδε
1624 811 1703 860 ἅμοι
1724 812 1904 862 νομίζεται,

170 869 227 905 καὶ
254 869 333 915 ὑμῖν
359 867 585 916 κοινώσομαι.
618 866 683 906 εῖεν
709 867 751 916 δὴ
777 866 804 905 ὦ
830 866 1015 916 τιμόκλεις.
1050 868 1183 905 ἐοίκασι
1204 866 1274 917 γάρ
1292 884 1351 915 μοι
1377 866 1524 907 ὁπόσοις
1542 866 1685 913 βέλτιον
1706 868 1903 915 νενόμισται

170 922 323 971 τάληθὲς
345 924 439 961 τοῦθ’
464 923 639 972 ἡγεῖσθαι·
680 924 743 970 ὀ,τι
769 922 863 975 δόξει
889 927 960 963 τοῖς
985 926 1145 969 πολλοῖς,
1164 927 1306 973 πρῶτον
1331 921 1394 970 μὲν
1420 923 1514 961 αὐτῶ
1539 922 1652 960 τούτω
1681 925 1781 970 δῆλοι
1806 922 1903 962 εἶναι·

108 979 235 1028 39ὁ,τι
260 979 377 1017 οὔποτ’
403 977 446 1016 ἂν
472 978 658 1030 ἐντύχοιεν·
694 982 721 1017 εἰ
749 978 789 1016 δέ
808 996 842 1016 τι
866 978 982 1030 σαφὲς
1006 980 1121 1016 εἰδεῖεν
1147 978 1266 1016 ἔπειτα
1289 977 1434 1030 σφόδρα
1462 980 1518 1016 καὶ
1542 977 1646 1016 τοῦτό
1670 979 1747 1016 ἐστι
1772 980 1906 1028 ρἇτον

171 1035 227 1072 καὶ
247 1035 379 1072 ὁτωοῦν
399 1036 481 1072 ἰδεῖν
501 1033 554 1072 ὅτι
574 1037 606 1072 οἱ
624 1038 773 1072 τοιοῦτοι
792 1034 914 1084 ὥσπερ
935 1035 970 1071 ἐν
991 1034 1128 1081 ἀνέμοις
1148 1034 1285 1072 ἐναντία
1303 1033 1471 1072 πνέουσιν
1490 1032 1825 1082 ἀπολαμβανόμενοι
1845 1036 1906 1072 οὐκ

171 1089 281 1140 ε”χοιεν
315 1090 379 1136 ὁ,τι
410 1090 489 1127 ποθ’
518 1090 651 1129 ἑαυτοῖς
679 1089 885 1140 χρήσαιντο.
926 1090 1008 1127 ἀλλ’
1036 1090 1106 1127 ἀπο
1128 1120 1135 1126 .
1162 1120 1168 1127 .
1197 1120 1203 1127 .
1229 1120 1235 1127 .
1260 1090 1317 1127 καὶ
1346 1088 1441 1127 δεινὰ
1468 1087 1642 1158 πάσχοιεν
1672 1089 1907 1137 πληττόμενοι

170 1144 338 1210 ἑκάστοτε
365 1143 488 1195 ὥσπερ
507 1145 635 1190 βέλεσι
660 1148 731 1185 τοῖς
752 1146 809 1196 ὑφ’
831 1145 975 1183 ὁτουοῦν
992 1144 1182 1194 ῥηματίοις·
1213 1162 1269 1182 και
1295 1143 1417 1194 ὥσπερ
1437 1162 1493 1182 και
1519 1144 1632 1182 πάλαι
1651 1162 1730 1195 περι
1753 1148 1824 1183 τῶν
1844 1163 1904 1183 κυ-

170 1199 292 1247 μάτων
318 1200 469 1249 λε’.γεται
508 1200 560 1238 ὅτι
586 1218 626 1238 το
655 1199 719 1248 μὲν
746 1199 843 1249 ἦλθε·
879 1199 948 1238 τόδ’
971 1201 1140 1247 ἀπῆλθεν,
1161 1201 1270 1240 οὕτως
1297 1200 1365 1249 ἄρα
1390 1201 1426 1237 ἐν
1450 1203 1500 1252 τῷ
1523 1199 1652 1248 πληθει
1681 1199 1778 1238 οὐδεν
1807 1218 1907 1238 εσται

170 1255 330 1302 βεβαιου·
363 1256 431 1293 οὐδ’
453 1256 617 1296 ἀπλανες·
648 1257 729 1293 ἀλλ’
753 1254 892 1294 άπαντα
912 1256 969 1306 ὑφ’
992 1254 1157 1293 ἁπάντων
1177 1254 1460 1303 διασκιδνάμενα,
1481 1272 1537 1293 και
1562 1255 1726 1306 πρέπειγε
1751 1253 1779 1293 ὦ
1803 1256 1904 1304 τιμό-

171 1316 265 1351 κλεις
284 1309 345 1349 τὸν
365 1311 494 1359 ἀληθες
513 1329 546 1349 τι
566 1312 601 1349 ἐν
621 1314 670 1363 τῷ
689 1311 756 1357 βίω
776 1310 957 1359 εἰσόμενον
976 1311 1149 1360 ἄτρεστον
1168 1309 1288 1360 ὥσπερ
1303 1328 1380 1349 τινα
1399 1310 1580 1349 σκόπελον
1600 1312 1649 1349 ἐπ’
1668 1309 1777 1361 ἄκρας
1796 1311 1905 1349 ἐστά-

171 1383 236 1405 ναι.
267 1369 295 1404 εὶ
320 1365 369 1414 μὴ
395 1365 522 1414 μελλει
546 1384 606 1404 ποι
632 1350 753 1404 λιαθὼν
773 1369 847 1406 ταῖς
867 1370 1021 1415 πληγαῖς
1046 1368 1369 1416 καταθραυσθῆναι·
1402 1368 1448 1406 ὡς
1468 1366 1565 1404 ἐστιν
1585 1365 1723 1417 ἄμαχόν
1742 1384 1775 1404 τι
1800 1366 1909 1417 ὄχλος

169 1423 289 1472 χρῆμα
315 1423 372 1459 καὶ
398 1421 654 1471 δυσέργαστον.
688 1423 744 1460 καὶ
772 1421 885 1474 ὅφασι
913 1424 968 1459 καὶ
994 1421 1104 1471 πυρὸς
1128 1423 1164 1460 ἐν
1188 1420 1315 1470 μείζονι
1335 1422 1507 1472 φροντίδι·
1541 1422 1613 1472 οὐχ’
1635 1423 1764 1470 ἥκιστα
1790 1422 1831 1460 δέ
1844 1440 1904 1470 μοι

170 1479 314 1515 δοκοῦσι
333 1475 445 1525 δήμου
465 1476 576 1529 φύσιν
602 1479 658 1515 καὶ
685 1480 716 1515 οὶ
741 1479 881 1526 ποιηταὶ
907 1477 988 1525 ἡμῖν
1016 1478 1230 1515 αἰνίττεσθαι
1257 1478 1362 1527 ὕδρας
1385 1476 1421 1515 τὲ
1448 1479 1505 1515 καὶ
1531 1476 1712 1528 χιμαίρας6
1739 1479 1795 1515 καὶ
1824 1479 1905 1515 ἀλλ’

171 1531 261 1570 ἄττα
281 1531 375 1570 δεινοὶ
393 1532 521 1582 τέρατα
544 1531 686 1571 ἀτόπων
704 1536 807 1570 τινῶν
833 1533 888 1570 καὶ
913 1534 1150 1571 παντοδαπῶν
1170 1533 1268 1570 ἰδέων
1287 1533 1563 1580 συμπλέκοντες·
1595 1535 1782 1580 δηλοῦντες
1802 1535 1848 1573 ὡς
1868 1535 1908 1572 οὐ

168 1589 286 1637 ῥᾶστα
305 1589 362 1625 καὶ
382 1589 433 1626 ἐπ’
453 1589 593 1638 εὐτυχία
612 1590 654 1636 τῆ
675 1589 782 1626 αὑτοῦ
801 1591 872 1626 τῶν
890 1591 1040 1626 πολλῶν
1059 1589 1110 1628 τίς
1129 1591 1200 1628 τοῖς
1220 1590 1372 1626 τοιοῖσδε
1393 1587 1435 1626 ἂν
1454 1588 1654 1638 ἐπιχειροίη·
1687 1588 1768 1625 ἀλλ’
1785 1589 1908 1627 αὐτίκα

170 1644 352 1681 ἀπολεῖται
378 1644 552 1693 ὁρμηθείς·
585 1644 896 1695 καταφαρμαχθεις
921 1643 957 1681 τὲ
986 1642 1029 1681 ἂν
1056 1642 1163 1690 εὐθυς,
1185 1643 1326 1694 οἴχοιτο.
1358 1645 1412 1682 δεῖ
1437 1643 1477 1681 δε
1501 1661 1545 1681 σε
1574 1645 1779 1690 ἀντιστῆναι
1808 1643 1907 1684 ὅστις

169 1697 334 1749 τυγχάνει
360 1698 537 1748 ἐγγύτατα
562 1698 682 1748 γένους
707 1702 757 1750 τῷ
777 1700 818 1736 δι
840 1697 889 1736 ὧν
908 1702 1049 1748 πρῶτον
1074 1698 1138 1746 μὲν
1162 1698 1318 1737 δεινόστε
1347 1716 1403 1736 και
1427 1716 1490 1747 την
1510 1698 1628 1750 ε”ξιν
1602 1713 1750 1749 αμαχος·
1791 1699 1908 1737 ἔπειτα

170 1770 227 1791 και
255 1752 360 1792 αὐτὸν
389 1756 675 1805 κατακεχρῆσθαι
703 1756 745 1802 τῆ
776 1754 872 1805 μάχη
898 1755 1163 1804 παραπλησίοις
1191 1771 1265 1792 τισι
1294 1753 1482 1803 δογμάτων
1512 1754 1652 1792 εἴδεσιν.
1691 1753 1763 1792 οἷον
1788 1754 1825 1791 τί
1847 1772 1907 1802 μοι

171 1811 314 1847 δοκοῦσι
333 1812 382 1846 τῶ
401 1808 558 1876 πηγάσω
577 1808 814 1859 προσεικάσαι
832 1810 1055 1870 χειρούμενον
1074 1827 1131 1847 και
1155 1809 1395 1848 κατεπάδοντα
1422 1809 1490 1860 ἔξω
1514 1812 1584 1847 τῶν
1609 1808 1774 1857 συνήθων
1801 1809 1907 1848 αὐτον

172 1864 325 1912 οὐδαμοῦ
345 1866 406 1912 τῆς
426 1864 495 1903 ἀπὸ
515 1867 576 1913 τῆς
596 1867 808 1913 συμπλοκῆς
827 1864 971 1913 βλαβης
989 1865 1245 1913 ἐπησθημενον.
1277 1863 1376 1902 ἄλλα
1395 1863 1431 1902 δε
1451 1865 1512 1902 οὐκ
1532 1863 1574 1902 ἂν
1593 1864 1642 1912 εἰη
1662 1864 1782 1914 ῥάδιον
1801 1866 1907 1916 εκφυ-

171 1922 257 1967 γεῖν.
289 1920 371 1957 ἀλλ’
389 1918 409 1968 ἦ
430 1919 540 1959 ταῦτὰ
558 1924 629 1960 τοῖς
648 1924 799 1960 πολλοῖς
819 1919 984 1968 οἰόμενος,
1000 1920 1098 1958 οὐδὲν
1116 1922 1194 1970 περὶ
1214 1919 1345 1960 παντὸς
1364 1919 1470 1970 ὀρθὸν
1489 1923 1594 1958 εἰπεῖν
1613 1920 1693 1971 ἕξει·
1720 1919 1741 1967 ἦ
1762 1925 1907 1970 τοῦτογε

171 1976 277 2012 παντὶ
303 1975 451 2023 εὔδηλον
476 1975 528 2013 ὅτι
553 1977 856 2025 προπηλακισθεὶς
884 1974 926 2014 ἀν
952 1977 1008 2013 καὶ
1034 1977 1194 2042 μισηθεὶς
1218 1976 1374 2015 ὕποπτος
1392 1979 1454 2013 τοῦ
1474 1979 1599 2013 λοιποῦ
1617 1979 1667 2013 τῶ
1687 1977 1816 2023 πλήθει
1842 1977 1904 2024 εἴη·

172 2030 255 2067 ἀλλ’
277 2030 372 2069 ὁπως
391 2031 544 2078 μηδεὶς’
528 2034 625 2079 υμῶν
644 2032 727 2079 ἐμοῦ
747 2032 902 2079 κατείπη,
918 2030 1050 2069 κᾶπειτ’
1073 2031 1176 2071 αὐτὸς
1195 2031 1321 2079 ἐσομαι
1342 2032 1360 2068 ὁ
1380 2035 1489 2068 ταῦτα
1509 2029 1550 2078 δὴ
1570 2030 1788 2079 πεισόμενος,
1803 2036 1907 2070 τοῦτο

172 2084 241 2122 δε’
228 2102 246 2122 ο
266 2084 405 2134 λεγεται
425 2102 482 2122 και
501 2085 569 2135 ἐγὼ
588 2086 763 2127 πολλάκις
781 2086 1076 2153 στοχαζόμενος
1061 2087 1276 2125 υπώπτευσα
1295 2090 1344 2137 τῷ
1363 2086 1473 2124 τόπω.
1500 2085 1608 2137 φύσει
1626 2103 1664 2124 τε
1684 2085 1754 2136 γὰρ
1773 2086 1907 2137 ῥυώδης

171 2157 227 2177 και
253 2143 299 2180 εἷς
324 2139 451 2178 στενὸν
471 2143 594 2189 κομιδῆ
614 2145 684 2179 τῶν
705 2141 795 2180 κατὰ
813 2159 877 2190 την
897 2143 1098 2191 οὶκουμενην
1117 2145 1286 2192 πορθμῶν
1305 2145 1380 2182 ταῖς
1404 2142 1554 2191 ἠπειροις
1581 2159 1810 2191 συναγμενος.
1841 2146 1902 2192 φι-

171 2199 277 2233 λοῦσι
306 2194 342 2233 δε
373 2197 408 2233 ἐν
437 2195 603 2236 τοιούτοις
631 2195 792 2244 μάλιστα
821 2197 1105 2248 ὑπερβάλλοντες
1136 2198 1272 2246 μεγεθει
1302 2214 1444 2245 σεισμοι
1470 2197 1669 2265 γίγνεσθαι.
1706 2201 1754 2235 ὡν
1781 2215 1836 2234 και
1863 2198 1904 2245 δη

170 2267 350 2299 μέγιστ-ων
371 2251 391 2298 ἡ
411 2249 516 2291 πόλις
535 2251 686 2316 ἐξαρχῆς
703 2268 918 2302 πεπειραται·
952 2254 1070 2291 ὁπόσα
1096 2253 1132 2291 δὲ
1160 2253 1255 2301 ἡμεῖς
1281 2254 1367 2300 ἀκοῆ
1394 2270 1450 2290 και
1473 2253 1575 2320 πείρα
1601 2252 1735 2300 ἰ’σμεν·
1768 2253 1905 2291 επειδάν

171 2306 231 2344 οὖν
250 2305 334 2343 ποτὲ
359 2307 508 2344 ἐνταῦθα
533 2306 665 2344 στάσιν
683 2306 760 2345 τινὰ
788 2308 938 2359 ἰσχυρὰν
958 2308 1002 2346 τὰ
1027 2308 1207 2356 πνεύματα
1235 2310 1271 2346 ἐν
1291 2309 1406 2348 αὐτοῖς
1429 2310 1515 2358 σχῆ
1547 2310 1664 2346 ἔπειτα
1688 2307 1727 2345 τὸ
1751 2307 1821 2346 ἀπὸ
1844 2311 1906 2356 τῆς

171 2378 302 2412 χερσου
322 2361 458 2409 κινηθὲν
477 2364 519 2409 τῆ
539 2363 601 2407 βια
621 2363 801 2411 ἀπταισθῆ
821 2366 877 2401 καὶ
899 2365 1151 2412 υπονοστῆσαν
1171 2362 1368 2414 ε’κχωρηση,
1388 2361 1465 2401 τότε
1486 2363 1558 2401 οἷον
1579 2362 1620 2411 δη
1641 2362 1729 2403 εἰκὸς
1748 2366 1790 2411 τῆ
1809 2363 1905 2414 μάχη

171 2415 299 2454 κλόνου
319 2418 360 2464 τῆ
381 2418 427 2465 γῆ
448 2416 556 2462 ὄντος,
577 2434 617 2455 το
644 2416 713 2455 ἀπο
733 2420 794 2465 τῆς
814 2419 993 2468 θαλάττης
1013 2418 1222 2470 κεκρατηκὸς
1241 2418 1505 2470 προσεπάξεται
1532 2422 1587 2456 καὶ
1611 2417 1694 2456 αὐτὸ
1720 2418 1760 2456 τὸ
1780 2420 1901 2467 ῥειμα

170 2489 227 2510 και
253 2472 342 2510 οὕτω
369 2471 411 2519 δὴ
442 2473 661 2522 ὑπεκδραμον
684 2474 741 2510 καὶ
766 2472 828 2514 τὰς
855 2474 921 2512 ὑπὸ
947 2479 1009 2513 τοῦ
1020 2479 1187 2543 σεισμοῦ
1214 2473 1315 2514 κενὰς
1339 2475 1529 2522 ἐμπλῆσαν
1549 2474 1666 2524 χώρας
1685 2474 1905 2524 ἀνατρεχοιτε

170 2529 225 2565 καὶ
252 2526 443 2565 καταδυσοι
463 2545 519 2565 και
545 2528 634 2565 οὕτω
653 2528 842 2577 πελαγος
829 2546 847 2566 ο
867 2528 975 2570 καλὸς
996 2531 1095 2570 οὗτος
1116 2530 1202 2570 ἰσως
1223 2529 1337 2581 λόφος
1357 2544 1419 2577 ειη·
1453 2531 1514 2567 οὐκ
1536 2528 1670 2577 ἀνάγκη
1690 2529 1758 2566 οὐδ’
1781 2532 1899 2579 εἱμαρ-

1601 2647 1623 2674 7.
1641 2649 1682 2675 sq.
1701 2639 1833 2667 Bckkeri.

243 2635 256 2656 ‘5
278 2639 399 2672 Χιμαίρας
414 2649 468 2665 κ.τ.
480 2640 504 2664 λ.
549 2638 682 2665 Colorem
699 2638 778 2665 duxit
793 2640 914 2676 scriptor
929 2651 961 2668 ex
979 2641 1042 2668 loco
1060 2641 1184 2668 Plutonis
1201 2641 1228 2668 in
1246 2641 1364 2668 l'hzedro
1380 2650 1408 2675 p.
1429 2649 1492 2675 231),
1510 2650 1533 2666 e.
1558 2650 1583 2675 p.

243 2676 254 2697 Γ
271 2678 335 2705 Vid.
354 2678 454 2706 l'roer'at
480 2678 513 2705 ad
530 2678 606 2706 hunc
622 2679 776 2716 dialogum.
