<?xml version="1.0" encoding="UTF-8"?>
<!DOCTYPE html PUBLIC "-//W3C//DTD XHTML 1.0 Transitional//EN"
    "http://www.w3.org/TR/xhtml1/DTD/xhtml1-transitional.dtd">
<html xmlns="http://www.w3.org/1999/xhtml" xml:lang="en" lang="en">
 <head>
  <title>
</title>
<meta http-equiv="Content-Type" content="text/html;charset=utf-8" />
  <meta name='ocr-system' content='tesseract 3.04.00' />
  <meta name='ocr-capabilities' content='ocr_page ocr_carea ocr_par ocr_line ocrx_word'/>
</head>
<body>
  <div class='ocr_page' id='page_1' title='image "./plotinioperaomni02plotuoft_0163.png"; bbox 0 0 2206 3021; ppageno 0'>
   <div class='ocr_carea' id='block_1_1' title="bbox 42 256 140 308">
    <p class='ocr_par' dir='ltr' id='par_1_1' title="bbox 42 256 140 308">
     <span class='ocr_line' id='line_1_1' title="bbox 42 256 140 308; baseline 0 0"><span class='ocrx_word' id='word_1_1' title='bbox 42 256 140 308; x_wconf 81' lang='lat'>436</span> 
     </span>
    </p>
   </div>
   <div class='ocr_carea' id='block_1_2' title="bbox 743 174 1287 219">
    <p class='ocr_par' dir='ltr' id='par_1_2' title="bbox 743 174 1287 219">
     <span class='ocr_line' id='line_1_2' title="bbox 743 174 1287 219; baseline -0.007 -2"><span class='ocrx_word' id='word_1_2' title='bbox 743 176 945 217; x_wconf 89' lang='lat' dir='ltr'>LIBER</span> <span class='ocrx_word' id='word_1_3' title='bbox 983 174 1287 219; x_wconf 84' lang='lat' dir='ltr'><strong>QUARTUS.</strong></span> 
     </span>
    </p>
   </div>
   <div class='ocr_carea' id='block_1_3' title="bbox 151 290 835 353">
    <p class='ocr_par' dir='ltr' id='par_1_3' title="bbox 151 290 835 353">
     <span class='ocr_line' id='line_1_3' title="bbox 151 290 835 353; baseline -0.006 -15"><span class='ocrx_word' id='word_1_4' title='bbox 151 296 367 349; x_wconf 78' lang='grc' dir='ltr'>ποταμῶν</span> <span class='ocrx_word' id='word_1_5' title='bbox 394 290 602 353; x_wconf 78' lang='grc' dir='ltr'>ἀρύονται</span> <span class='ocrx_word' id='word_1_6' title='bbox 628 291 666 335; x_wconf 82' lang='grc' dir='ltr'>οἱ</span> <span class='ocrx_word' id='word_1_7' title='bbox 692 291 835 335; x_wconf 83' lang='grc' dir='ltr'>κακοί.</span> 
     </span>
    </p>
   </div>
   <div class='ocr_carea' id='block_1_4' title="bbox 1796 176 1873 226">
    <p class='ocr_par' dir='ltr' id='par_1_4' title="bbox 1796 176 1873 226">
     <span class='ocr_line' id='line_1_4' title="bbox 1796 176 1873 226; baseline 0 -12"><span class='ocrx_word' id='word_1_8' title='bbox 1796 176 1873 226; x_wconf 88' lang='lat'>809</span> 
     </span>
    </p>
   </div>
   <div class='ocr_carea' id='block_1_5' title="bbox 899 284 1863 345">
    <p class='ocr_par' dir='ltr' id='par_1_5' title="bbox 899 284 1863 345">
     <span class='ocr_line' id='line_1_5' title="bbox 899 284 1863 345; baseline -0.001 -12"><span class='ocrx_word' id='word_1_9' title='bbox 899 289 989 333; x_wconf 79' lang='grc' dir='ltr'>Καὶ</span> <span class='ocrx_word' id='word_1_10' title='bbox 1015 286 1065 332; x_wconf 74' lang='grc' dir='ltr'>τὸ</span> <span class='ocrx_word' id='word_1_11' title='bbox 1092 285 1211 331; x_wconf 76' lang='grc' dir='ltr'>διδόν</span> <span class='ocrx_word' id='word_1_12' title='bbox 1237 285 1346 330; x_wconf 77' lang='grc' dir='ltr'>αὐτὸ</span> <span class='ocrx_word' id='word_1_13' title='bbox 1373 286 1452 330; x_wconf 78' lang='grc' dir='ltr'>οὐκ</span> <span class='ocrx_word' id='word_1_14' title='bbox 1478 286 1592 330; x_wconf 80' lang='grc' dir='ltr'>οἶδεν</span> <span class='ocrx_word' id='word_1_15' title='bbox 1618 284 1639 330; x_wconf 78' lang='grc' dir='ltr'>ὃ</span> <span class='ocrx_word' id='word_1_16' title='bbox 1666 288 1863 345; x_wconf 81' lang='grc' dir='ltr'>δίδωσιν,</span> 
     </span>
    </p>
   </div>
   <div class='ocr_carea' id='block_1_6' title="bbox 101 351 1892 1109">
    <p class='ocr_par' dir='ltr' id='par_1_6' title="bbox 101 351 1892 1109">
     <span class='ocr_line' id='line_1_6' title="bbox 151 351 1867 418; baseline -0.003 -10"><span class='ocrx_word' id='word_1_17' title='bbox 151 361 270 407; x_wconf 75' lang='grc' dir='ltr'>ἀλλὰ</span> <span class='ocrx_word' id='word_1_18' title='bbox 297 364 448 407; x_wconf 82' lang='grc' dir='ltr'>δίδωσι</span> <span class='ocrx_word' id='word_1_19' title='bbox 468 359 620 418; x_wconf 85' lang='grc' dir='ltr'>μόνον·</span> <span class='ocrx_word' id='word_1_20' title='bbox 651 360 746 404; x_wconf 79' lang='grc' dir='ltr'>ἀλλ’</span> <span class='ocrx_word' id='word_1_21' title='bbox 777 357 891 413; x_wconf 80' lang='grc' dir='ltr'>ὅμως</span> <span class='ocrx_word' id='word_1_22' title='bbox 917 355 1218 402; x_wconf 78' lang='grc' dir='ltr'>συντέτακται</span> <span class='ocrx_word' id='word_1_23' title='bbox 1243 354 1317 399; x_wconf 76' lang='grc' dir='ltr'>καὶ</span> <span class='ocrx_word' id='word_1_24' title='bbox 1344 353 1518 399; x_wconf 75' lang='grc' dir='ltr'>δέδοται</span> <span class='ocrx_word' id='word_1_25' title='bbox 1545 355 1600 413; x_wconf 80' lang='grc' dir='ltr'>τῇ</span> <span class='ocrx_word' id='word_1_26' title='bbox 1627 351 1764 411; x_wconf 80' lang='grc' dir='ltr'>φύσει</span> <span class='ocrx_word' id='word_1_27' title='bbox 1790 360 1867 402; x_wconf 83' lang='grc' dir='ltr'>τοῦ</span> 
     </span>
     <span class='ocr_line' id='line_1_7' title="bbox 148 421 1865 480; baseline -0.004 -4"><span class='ocrx_word' id='word_1_28' title='bbox 148 430 332 479; x_wconf 86' lang='grc' dir='ltr'>παντός.</span> <span class='ocrx_word' id='word_1_29' title='bbox 367 428 519 475; x_wconf 49' lang='grc' dir='ltr'>ἸΩστε</span> <span class='ocrx_word' id='word_1_30' title='bbox 545 429 587 474; x_wconf 82' lang='grc' dir='ltr'>εἴ</span> <span class='ocrx_word' id='word_1_31' title='bbox 607 449 673 477; x_wconf 85' lang='grc' dir='ltr'>τις</span> <span class='ocrx_word' id='word_1_32' title='bbox 700 425 867 478; x_wconf 76' lang='grc' dir='ltr'>ἔλαβεν</span> <span class='ocrx_word' id='word_1_33' title='bbox 894 427 942 471; x_wconf 82' lang='grc' dir='ltr'>ἐκ</span> <span class='ocrx_word' id='word_1_34' title='bbox 966 428 1054 470; x_wconf 86' lang='grc' dir='ltr'>τῶν</span> <span class='ocrx_word' id='word_1_35' title='bbox 1078 428 1196 469; x_wconf 79' lang='grc' dir='ltr'>πᾶσι</span> <span class='ocrx_word' id='word_1_36' title='bbox 1223 422 1454 480; x_wconf 72' lang='grc' dir='ltr'>κειμένων,</span> <span class='ocrx_word' id='word_1_37' title='bbox 1478 423 1528 468; x_wconf 82' lang='grc' dir='ltr'>οὐ</span> <span class='ocrx_word' id='word_1_38' title='bbox 1555 421 1655 467; x_wconf 71' lang='grc' dir='ltr'>δέον</span> <span class='ocrx_word' id='word_1_39' title='bbox 1675 421 1865 469; x_wconf 77' lang='grc' dir='ltr'>ἕπεσθαι</span> 
     </span>
     <span class='ocr_line' id='line_1_8' title="bbox 149 489 1865 562; baseline -0.006 -17"><span class='ocrx_word' id='word_1_40' title='bbox 149 501 269 562; x_wconf 73' lang='grc' dir='ltr'>αὐτῷ</span> <span class='ocrx_word' id='word_1_41' title='bbox 304 500 533 561; x_wconf 72' lang='grc' dir='ltr'>ἀναγκαίῳ</span> <span class='ocrx_word' id='word_1_42' title='bbox 572 495 685 559; x_wconf 81' lang='grc' dir='ltr'>νόμῳ</span> <span class='ocrx_word' id='word_1_43' title='bbox 720 495 802 551; x_wconf 68' lang='grc' dir='ltr'>τὴν</span> <span class='ocrx_word' id='word_1_44' title='bbox 835 497 975 550; x_wconf 83' lang='grc' dir='ltr'>δίκην·</span> <span class='ocrx_word' id='word_1_45' title='bbox 1017 492 1174 539; x_wconf 73' lang='grc' dir='ltr'>οὔκουν</span> <span class='ocrx_word' id='word_1_46' title='bbox 1200 492 1352 538; x_wconf 77' lang='grc' dir='ltr'>δοτέον</span> <span class='ocrx_word' id='word_1_47' title='bbox 1381 491 1431 537; x_wconf 75' lang='grc' dir='ltr'>τὸ</span> <span class='ocrx_word' id='word_1_48' title='bbox 1464 495 1559 537; x_wconf 82' lang='grc' dir='ltr'>πᾶν</span> <span class='ocrx_word' id='word_1_49' title='bbox 1587 489 1809 552; x_wconf 76' lang='grc' dir='ltr'>πάσχειν,</span> <span class='ocrx_word' id='word_1_50' title='bbox 1838 491 1865 549; x_wconf 83' lang='grc' dir='ltr'>ὴ</span> 
     </span>
     <span class='ocr_line' id='line_1_9' title="bbox 147 560 1892 628; baseline -0.005 -15"><span class='ocrx_word' id='word_1_51' title='bbox 147 567 197 613; x_wconf 74' lang='grc' dir='ltr'>τὸ</span> <span class='ocrx_word' id='word_1_52' title='bbox 226 567 313 624; x_wconf 81' lang='grc' dir='ltr'>μὲν</span> <span class='ocrx_word' id='word_1_53' title='bbox 337 570 586 628; x_wconf 76' lang='grc' dir='ltr'>ἡγεμονοῦν</span> <span class='ocrx_word' id='word_1_54' title='bbox 612 567 748 611; x_wconf 81' lang='grc' dir='ltr'>αὐτοῦ</span> <span class='ocrx_word' id='word_1_55' title='bbox 784 563 957 613; x_wconf 74' lang='grc' dir='ltr'>ἀπαθὲς</span> <span class='ocrx_word' id='word_1_56' title='bbox 990 562 1143 609; x_wconf 72' lang='grc' dir='ltr'>δοτέον</span> <span class='ocrx_word' id='word_1_57' title='bbox 1166 560 1317 617; x_wconf 84' lang='grc' dir='ltr'>πάντη</span> <span class='ocrx_word' id='word_1_58' title='bbox 1353 561 1485 618; x_wconf 77' lang='grc' dir='ltr'>εἶναι,</span> <span class='ocrx_word' id='word_1_59' title='bbox 1514 560 1793 622; x_wconf 66' lang='grc' dir='ltr'>’γιγνομένων</span> <span class='ocrx_word' id='word_1_60' title='bbox 1818 561 1892 609; x_wconf 75' lang='grc' dir='ltr'>δὲ5</span> 
     </span>
     <span class='ocr_line' id='line_1_10' title="bbox 105 627 1865 696; baseline -0.003 -14"><span class='ocrx_word' id='word_1_61' title='bbox 105 639 302 686; x_wconf 79' lang='grc' dir='ltr'>Βπαθῶν</span> <span class='ocrx_word' id='word_1_62' title='bbox 328 637 376 681; x_wconf 83' lang='grc' dir='ltr'>ἐν</span> <span class='ocrx_word' id='word_1_63' title='bbox 397 636 584 696; x_wconf 76' lang='grc' dir='ltr'>μέρεσιν</span> <span class='ocrx_word' id='word_1_64' title='bbox 610 635 764 690; x_wconf 77' lang='grc' dir='ltr'>αὐτοῦ,</span> <span class='ocrx_word' id='word_1_65' title='bbox 796 634 978 682; x_wconf 80' lang='grc' dir='ltr'>ἐκείνοις</span> <span class='ocrx_word' id='word_1_66' title='bbox 1011 632 1097 689; x_wconf 77' lang='grc' dir='ltr'>μὲν</span> <span class='ocrx_word' id='word_1_67' title='bbox 1130 631 1254 688; x_wconf 78' lang='grc' dir='ltr'>ἥκειν</span> <span class='ocrx_word' id='word_1_68' title='bbox 1279 630 1330 676; x_wconf 74' lang='grc' dir='ltr'>τὸ</span> <span class='ocrx_word' id='word_1_69' title='bbox 1363 628 1524 679; x_wconf 85' lang='grc' dir='ltr'>πάθος·</span> <span class='ocrx_word' id='word_1_70' title='bbox 1564 628 1690 691; x_wconf 73' lang='grc' dir='ltr'>παρὰ</span> <span class='ocrx_word' id='word_1_71' title='bbox 1723 627 1865 688; x_wconf 75' lang='grc' dir='ltr'>φύσιν</span> 
     </span>
     <span class='ocr_line' id='line_1_11' title="bbox 145 698 1859 767; baseline -0.004 -17"><span class='ocrx_word' id='word_1_72' title='bbox 145 704 191 750; x_wconf 79' lang='grc' dir='ltr'>δὲ</span> <span class='ocrx_word' id='word_1_73' title='bbox 224 704 415 761; x_wconf 73' lang='grc' dir='ltr'>μηδενὸς</span> <span class='ocrx_word' id='word_1_74' title='bbox 452 705 570 767; x_wconf 76' lang='grc' dir='ltr'>αὐτῷ</span> <span class='ocrx_word' id='word_1_75' title='bbox 605 703 749 759; x_wconf 75' lang='grc' dir='ltr'>ὄντος,</span> <span class='ocrx_word' id='word_1_76' title='bbox 789 702 960 751; x_wconf 78' lang='grc' dir='ltr'>ἀπαθὲς</span> <span class='ocrx_word' id='word_1_77' title='bbox 993 701 1044 747; x_wconf 74' lang='grc' dir='ltr'>τὸ</span> <span class='ocrx_word' id='word_1_78' title='bbox 1077 700 1318 763; x_wconf 71' lang='grc' dir='ltr'>γενόμενον</span> <span class='ocrx_word' id='word_1_79' title='bbox 1349 703 1405 749; x_wconf 86' lang='grc' dir='ltr'>ὡς</span> <span class='ocrx_word' id='word_1_80' title='bbox 1437 698 1547 761; x_wconf 70' lang='grc' dir='ltr'>πρὸς</span> <span class='ocrx_word' id='word_1_81' title='bbox 1582 698 1692 745; x_wconf 74' lang='grc' dir='ltr'>αὐτὸ</span> <span class='ocrx_word' id='word_1_82' title='bbox 1731 699 1859 745; x_wconf 81' lang='grc' dir='ltr'>εἶναι·</span> 
     </span>
     <span class='ocr_line' id='line_1_12' title="bbox 144 767 1863 833; baseline -0.002 -14"><span class='ocrx_word' id='word_1_83' title='bbox 144 774 240 819; x_wconf 76' lang='grc' dir='ltr'>ἐπεὶ</span> <span class='ocrx_word' id='word_1_84' title='bbox 274 775 347 819; x_wconf 78' lang='grc' dir='ltr'>καὶ</span> <span class='ocrx_word' id='word_1_85' title='bbox 381 778 472 822; x_wconf 85' lang='grc' dir='ltr'>τοῖς</span> <span class='ocrx_word' id='word_1_86' title='bbox 507 771 707 833; x_wconf 71' lang='grc' dir='ltr'>ἄστροις,</span> <span class='ocrx_word' id='word_1_87' title='bbox 738 774 833 817; x_wconf 80' lang='grc' dir='ltr'>καθ’</span> <span class='ocrx_word' id='word_1_88' title='bbox 863 771 972 817; x_wconf 81' lang='grc' dir='ltr'>ὅσον</span> <span class='ocrx_word' id='word_1_89' title='bbox 992 771 1079 828; x_wconf 78' lang='grc' dir='ltr'>μὲν</span> <span class='ocrx_word' id='word_1_90' title='bbox 1099 770 1234 832; x_wconf 68' lang='grc' dir='ltr'>με’ρη,</span> <span class='ocrx_word' id='word_1_91' title='bbox 1263 769 1322 815; x_wconf 74' lang='grc' dir='ltr'>τὰ</span> <span class='ocrx_word' id='word_1_92' title='bbox 1347 767 1491 825; x_wconf 81' lang='grc' dir='ltr'>πάθη,</span> <span class='ocrx_word' id='word_1_93' title='bbox 1523 770 1677 824; x_wconf 82' lang='grc' dir='ltr'>ἀπαθῆ</span> <span class='ocrx_word' id='word_1_94' title='bbox 1707 767 1863 825; x_wconf 77' lang='grc' dir='ltr'>με’ντοι</span> 
     </span>
     <span class='ocr_line' id='line_1_13' title="bbox 143 836 1861 906; baseline -0.003 -18"><span class='ocrx_word' id='word_1_95' title='bbox 143 840 256 888; x_wconf 77' lang='grc' dir='ltr'>αὐτὰ</span> <span class='ocrx_word' id='word_1_96' title='bbox 285 843 416 899; x_wconf 80' lang='grc' dir='ltr'>εἶναι,</span> <span class='ocrx_word' id='word_1_97' title='bbox 446 844 506 906; x_wconf 71' lang='grc' dir='ltr'>τῷ</span> <span class='ocrx_word' id='word_1_98' title='bbox 533 863 582 887; x_wconf 92' lang='grc' dir='ltr'>τε</span> <span class='ocrx_word' id='word_1_99' title='bbox 607 839 689 890; x_wconf 77' lang='grc' dir='ltr'>τὰς</span> <span class='ocrx_word' id='word_1_100' title='bbox 721 840 1005 902; x_wconf 71' lang='grc' dir='ltr'>προαιρέσεις</span> <span class='ocrx_word' id='word_1_101' title='bbox 1038 842 1112 886; x_wconf 80' lang='grc' dir='ltr'>καὶ</span> <span class='ocrx_word' id='word_1_102' title='bbox 1140 841 1289 889; x_wconf 81' lang='grc' dir='ltr'>αὐτοῖς</span> <span class='ocrx_word' id='word_1_103' title='bbox 1324 840 1512 887; x_wconf 80' lang='grc' dir='ltr'>ἀπαθεῖς</span> <span class='ocrx_word' id='word_1_104' title='bbox 1546 838 1678 894; x_wconf 79' lang='grc' dir='ltr'>εἶναι,</span> <span class='ocrx_word' id='word_1_105' title='bbox 1707 839 1781 883; x_wconf 76' lang='grc' dir='ltr'>καὶ</span> <span class='ocrx_word' id='word_1_106' title='bbox 1807 836 1861 884; x_wconf 73' lang='grc' dir='ltr'>τὰ</span> 
     </span>
     <span class='ocr_line' id='line_1_14' title="bbox 143 906 1863 971; baseline -0.003 -14"><span class='ocrx_word' id='word_1_107' title='bbox 143 911 332 968; x_wconf 79' lang='grc' dir='ltr'>σώματα</span> <span class='ocrx_word' id='word_1_108' title='bbox 367 913 514 957; x_wconf 78' lang='grc' dir='ltr'>αὐτῶν</span> <span class='ocrx_word' id='word_1_109' title='bbox 547 912 620 956; x_wconf 74' lang='grc' dir='ltr'>καὶ</span> <span class='ocrx_word' id='word_1_110' title='bbox 655 908 736 960; x_wconf 71' lang='grc' dir='ltr'>τὰς</span> <span class='ocrx_word' id='word_1_111' title='bbox 770 908 932 969; x_wconf 81' lang='grc' dir='ltr'>φύσεις</span> <span class='ocrx_word' id='word_1_112' title='bbox 967 911 1191 962; x_wconf 76' lang='grc' dir='ltr'>ἀβλαβεῖς</span> <span class='ocrx_word' id='word_1_113' title='bbox 1225 906 1463 970; x_wconf 79' lang='grc' dir='ltr'>ὑπάρχειν·</span> <span class='ocrx_word' id='word_1_114' title='bbox 1502 909 1575 953; x_wconf 80' lang='grc' dir='ltr'>καὶ</span> <span class='ocrx_word' id='word_1_115' title='bbox 1606 909 1686 971; x_wconf 74' lang='grc' dir='ltr'>τῷ,</span> <span class='ocrx_word' id='word_1_116' title='bbox 1717 907 1791 953; x_wconf 75' lang='grc' dir='ltr'>καὶ</span> <span class='ocrx_word' id='word_1_117' title='bbox 1826 909 1863 953; x_wconf 83' lang='grc' dir='ltr'>εὶ</span> 
     </span>
     <span class='ocr_line' id='line_1_15' title="bbox 141 975 1862 1043; baseline -0.002 -17"><span class='ocrx_word' id='word_1_118' title='bbox 141 978 212 1026; x_wconf 70' lang='grc' dir='ltr'>διὰ</span> <span class='ocrx_word' id='word_1_119' title='bbox 238 985 317 1037; x_wconf 82' lang='grc' dir='ltr'>τῆς</span> <span class='ocrx_word' id='word_1_120' title='bbox 340 985 492 1043; x_wconf 76' lang='grc' dir='ltr'>ψυχῆς</span> <span class='ocrx_word' id='word_1_121' title='bbox 518 1002 560 1026; x_wconf 91' lang='grc' dir='ltr'>τι</span> <span class='ocrx_word' id='word_1_122' title='bbox 587 978 779 1037; x_wconf 81' lang='grc' dir='ltr'>διδόασι,</span> <span class='ocrx_word' id='word_1_123' title='bbox 805 979 870 1036; x_wconf 69' lang='grc' dir='ltr'>μὴ</span> <span class='ocrx_word' id='word_1_124' title='bbox 899 980 1201 1025; x_wconf 81' lang='grc' dir='ltr'>ἐλαττοῦσθαι</span> <span class='ocrx_word' id='word_1_125' title='bbox 1229 979 1380 1027; x_wconf 77' lang='grc' dir='ltr'>αὐτοῖς</span> <span class='ocrx_word' id='word_1_126' title='bbox 1406 976 1488 1032; x_wconf 66' lang='grc' dir='ltr'>τὴν</span> <span class='ocrx_word' id='word_1_127' title='bbox 1506 975 1680 1038; x_wconf 65' lang='grc' dir='ltr'>ψυχὴν,</span> <span class='ocrx_word' id='word_1_128' title='bbox 1704 977 1779 1022; x_wconf 77' lang='grc' dir='ltr'>καὶ</span> <span class='ocrx_word' id='word_1_129' title='bbox 1805 975 1862 1023; x_wconf 72' lang='grc' dir='ltr'>τὰ</span> 
     </span>
     <span class='ocr_line' id='line_1_16' title="bbox 101 1044 1860 1109; baseline -0.003 -13"><span class='ocrx_word' id='word_1_130' title='bbox 101 1049 334 1107; x_wconf 82' lang='grc' dir='ltr'>Εσώματα</span> <span class='ocrx_word' id='word_1_131' title='bbox 361 1052 511 1099; x_wconf 83' lang='grc' dir='ltr'>αὐτοῖς</span> <span class='ocrx_word' id='word_1_132' title='bbox 536 1047 593 1095; x_wconf 71' lang='grc' dir='ltr'>τὰ</span> <span class='ocrx_word' id='word_1_133' title='bbox 621 1047 734 1095; x_wconf 68' lang='grc' dir='ltr'>αὐτὰ</span> <span class='ocrx_word' id='word_1_134' title='bbox 757 1048 930 1106; x_wconf 75' lang='grc' dir='ltr'>μένειν,</span> <span class='ocrx_word' id='word_1_135' title='bbox 957 1052 1031 1094; x_wconf 81' lang='grc' dir='ltr'>καὶ</span> <span class='ocrx_word' id='word_1_136' title='bbox 1059 1049 1100 1094; x_wconf 82' lang='grc' dir='ltr'>εἴ</span> <span class='ocrx_word' id='word_1_137' title='bbox 1122 1069 1164 1094; x_wconf 90' lang='grc' dir='ltr'>τι</span> <span class='ocrx_word' id='word_1_138' title='bbox 1191 1050 1372 1109; x_wconf 84' lang='grc' dir='ltr'>ὑπεκρεῖ</span> <span class='ocrx_word' id='word_1_139' title='bbox 1397 1046 1681 1102; x_wconf 78' lang='grc' dir='ltr'>ἀναισθήτως</span> <span class='ocrx_word' id='word_1_140' title='bbox 1708 1044 1860 1092; x_wconf 80' lang='grc' dir='ltr'>ἀπιόν-</span> 
     </span>
    </p>
   </div>
   <div class='ocr_carea' id='block_1_7' title="bbox 140 1115 1375 1181">
    <p class='ocr_par' dir='ltr' id='par_1_7' title="bbox 140 1115 1375 1181">
     <span class='ocr_line' id='line_1_17' title="bbox 140 1115 1375 1181; baseline -0.002 -16"><span class='ocrx_word' id='word_1_141' title='bbox 140 1140 233 1176; x_wconf 88' lang='grc' dir='ltr'>τος,</span> <span class='ocrx_word' id='word_1_142' title='bbox 264 1121 337 1165; x_wconf 79' lang='grc' dir='ltr'>καὶ</span> <span class='ocrx_word' id='word_1_143' title='bbox 364 1123 442 1165; x_wconf 83' lang='grc' dir='ltr'>τοῦ</span> <span class='ocrx_word' id='word_1_144' title='bbox 468 1118 732 1181; x_wconf 84' lang='grc' dir='ltr'>προσιόντος</span> <span class='ocrx_word' id='word_1_145' title='bbox 760 1120 796 1164; x_wconf 82' lang='grc' dir='ltr'>εἰ</span> <span class='ocrx_word' id='word_1_146' title='bbox 821 1117 1033 1179; x_wconf 85' lang='grc' dir='ltr'>πρόσεισι</span> <span class='ocrx_word' id='word_1_147' title='bbox 1058 1115 1375 1166; x_wconf 81' lang='grc' dir='ltr'>λανθάνοντος.</span> 
     </span>
    </p>
   </div>
   <div class='ocr_carea' id='block_1_8' title="bbox 173 1261 1277 1299">
    <p class='ocr_par' dir='ltr' id='par_1_8' title="bbox 173 1261 1277 1299">
     <span class='ocr_line' id='line_1_18' title="bbox 173 1261 1277 1299; baseline -0.002 -15"><span class='ocrx_word' id='word_1_148' title='bbox 173 1270 193 1284; x_wconf 82' lang='grc' dir='ltr'>ι.</span> <span class='ocrx_word' id='word_1_149' title='bbox 211 1261 270 1292; x_wconf 51' lang='lat' dir='ltr'>aba]</span> <span class='ocrx_word' id='word_1_150' title='bbox 292 1262 347 1285; x_wconf 84' lang='lat' dir='ltr'>Vill.</span> <span class='ocrx_word' id='word_1_151' title='bbox 360 1267 383 1286; x_wconf 84' lang='lat' dir='ltr'>et</span> <span class='ocrx_word' id='word_1_152' title='bbox 398 1263 465 1285; x_wconf 78' lang='lat' dir='ltr'>Mare</span> <span class='ocrx_word' id='word_1_153' title='bbox 487 1263 545 1286; x_wconf 67' lang='lat' dir='ltr'>GE.</span> <span class='ocrx_word' id='word_1_154' title='bbox 564 1261 626 1284; x_wconf 50' lang='lat' dir='ltr'>3130?st</span> <span class='ocrx_word' id='word_1_155' title='bbox 643 1271 689 1293; x_wconf 82' lang='lat' dir='ltr'>seq.</span> <span class='ocrx_word' id='word_1_156' title='bbox 724 1263 773 1293; x_wconf 68' lang='grc' dir='ltr'>πρὸς</span> <span class='ocrx_word' id='word_1_157' title='bbox 792 1262 866 1285; x_wconf 70' lang='grc' dir='ltr'>αὑτήν.</span> <span class='ocrx_word' id='word_1_158' title='bbox 901 1263 946 1299; x_wconf 64' lang='lat' dir='ltr'>Effll</span> <span class='ocrx_word' id='word_1_159' title='bbox 958 1267 1058 1292; x_wconf 84' lang='lat' dir='ltr'>uterque</span> <span class='ocrx_word' id='word_1_160' title='bbox 1069 1270 1141 1292; x_wconf 84' lang='lat' dir='ltr'>supra</span> <span class='ocrx_word' id='word_1_161' title='bbox 1151 1261 1194 1284; x_wconf 89' lang='lat' dir='ltr'>lin.</span> <span class='ocrx_word' id='word_1_162' title='bbox 1206 1261 1277 1284; x_wconf 81' lang='lat' dir='ltr'>habet</span> 
     </span>
    </p>
   </div>
   <div class='ocr_carea' id='block_1_9' title="bbox 1343 1260 1782 1291">
    <p class='ocr_par' dir='ltr' id='par_1_9' title="bbox 1343 1260 1782 1291">
     <span class='ocr_line' id='line_1_19' title="bbox 1343 1260 1782 1291; baseline -0.005 -8"><span class='ocrx_word' id='word_1_163' title='bbox 1343 1261 1373 1283; x_wconf 81' lang='lat' dir='ltr'>ib.</span> <span class='ocrx_word' id='word_1_164' title='bbox 1392 1260 1502 1290; x_wconf 58' lang='lat' dir='ltr'>dmm-05]</span> <span class='ocrx_word' id='word_1_165' title='bbox 1524 1260 1582 1283; x_wconf 89' lang='lat' dir='ltr'>Cod.</span> <span class='ocrx_word' id='word_1_166' title='bbox 1595 1260 1650 1283; x_wconf 81' lang='lat' dir='ltr'>Vat.</span> <span class='ocrx_word' id='word_1_167' title='bbox 1664 1260 1782 1291; x_wconf 60' lang='lat' dir='ltr'>oeqoi&#39;o&#39;mog.</span> 
     </span>
    </p>
   </div>
   <div class='ocr_carea' id='block_1_10' title="bbox 137 1292 1863 1389">
    <p class='ocr_par' dir='ltr' id='par_1_10' title="bbox 137 1292 1863 1389">
     <span class='ocr_line' id='line_1_20' title="bbox 137 1292 1861 1325; baseline -0.001 -9"><span class='ocrx_word' id='word_1_168' title='bbox 137 1295 191 1316; x_wconf 66' lang='grc' dir='ltr'>αὑτᾶ</span> <span class='ocrx_word' id='word_1_169' title='bbox 204 1303 245 1325; x_wconf 84' lang='lat' dir='ltr'>pro</span> <span class='ocrx_word' id='word_1_170' title='bbox 257 1296 331 1318; x_wconf 74' lang='grc' dir='ltr'>αὑτοῦ.</span> <span class='ocrx_word' id='word_1_171' title='bbox 356 1296 388 1318; x_wconf 84' lang='lat' dir='ltr'>Et</span> <span class='ocrx_word' id='word_1_172' title='bbox 399 1296 431 1318; x_wconf 64' lang='lat' dir='ltr'>sic</span> <span class='ocrx_word' id='word_1_173' title='bbox 443 1296 540 1318; x_wconf 84' lang='lat' dir='ltr'>correxi.</span> <span class='ocrx_word' id='word_1_174' title='bbox 567 1295 622 1318; x_wconf 40' lang='lat' dir='ltr'>Villy</span> <span class='ocrx_word' id='word_1_175' title='bbox 636 1304 691 1318; x_wconf 82' lang='lat' dir='ltr'>mox</span> <span class='ocrx_word' id='word_1_176' title='bbox 724 1295 750 1316; x_wconf 76' lang='grc' dir='ltr'>όν.</span> <span class='ocrx_word' id='word_1_177' title='bbox 783 1294 879 1318; x_wconf 82' lang='lat' dir='ltr'>Correxi</span> <span class='ocrx_word' id='word_1_178' title='bbox 893 1295 954 1316; x_wconf 67' lang='lat' dir='ltr'>alm.</span> <span class='ocrx_word' id='word_1_179' title='bbox 1346 1300 1381 1321; x_wconf 80' lang='lat'>13.</span> <span class='ocrx_word' id='word_1_180' title='bbox 1407 1293 1566 1324; x_wconf 67' lang='grc' dir='ltr'>πρηηειωοντος]</span> <span class='ocrx_word' id='word_1_181' title='bbox 1591 1293 1664 1316; x_wconf 85' lang='lat' dir='ltr'>Codd.</span> <span class='ocrx_word' id='word_1_182' title='bbox 1687 1293 1735 1315; x_wconf 86' lang='lat' dir='ltr'>Ciz.</span> <span class='ocrx_word' id='word_1_183' title='bbox 1759 1297 1783 1315; x_wconf 81' lang='lat' dir='ltr'>et</span> <span class='ocrx_word' id='word_1_184' title='bbox 1806 1292 1861 1315; x_wconf 78' lang='lat' dir='ltr'>Vat.</span> 
     </span>
     <span class='ocr_line' id='line_1_21' title="bbox 137 1324 1863 1357; baseline -0.001 -8"><span class='ocrx_word' id='word_1_185' title='bbox 137 1326 205 1349; x_wconf 64' lang='grc' dir='ltr'>δίδωσι</span> <span class='ocrx_word' id='word_1_186' title='bbox 217 1336 258 1357; x_wconf 76' lang='lat' dir='ltr'>pro</span> <span class='ocrx_word' id='word_1_187' title='bbox 267 1338 315 1349; x_wconf 65' lang='grc' dir='ltr'><strong><em>-αιν,</em></strong></span> <span class='ocrx_word' id='word_1_188' title='bbox 760 1335 795 1350; x_wconf 90' lang='lat'>10.</span> <span class='ocrx_word' id='word_1_189' title='bbox 816 1328 853 1348; x_wconf 65' lang='lat' dir='ltr'>»ml</span> <span class='ocrx_word' id='word_1_190' title='bbox 866 1328 895 1356; x_wconf 67' lang='grc' dir='ltr'>τῷ</span> <span class='ocrx_word' id='word_1_191' title='bbox 913 1327 961 1356; x_wconf 72' lang='grc' dir='ltr'>καὶ]</span> <span class='ocrx_word' id='word_1_192' title='bbox 982 1327 1058 1350; x_wconf 83' lang='lat' dir='ltr'>Abest</span> <span class='ocrx_word' id='word_1_193' title='bbox 1076 1327 1113 1349; x_wconf 73' lang='grc' dir='ltr'>καὶ</span> <span class='ocrx_word' id='word_1_194' title='bbox 1131 1327 1245 1357; x_wconf 73' lang='lat' dir='ltr'>posterius</span> <span class='ocrx_word' id='word_1_195' title='bbox 1263 1334 1277 1348; x_wconf 83' lang='lat' dir='ltr'>a</span> <span class='ocrx_word' id='word_1_196' title='bbox 1311 1327 1427 1357; x_wconf 65' lang='grc' dir='ltr'>προσιόντος</span> <span class='ocrx_word' id='word_1_197' title='bbox 1451 1330 1475 1348; x_wconf 80' lang='lat' dir='ltr'>et</span> <span class='ocrx_word' id='word_1_198' title='bbox 1498 1325 1538 1349; x_wconf 87' lang='lat' dir='ltr'>sic.</span> <span class='ocrx_word' id='word_1_199' title='bbox 1560 1325 1637 1348; x_wconf 82' lang='lat' dir='ltr'>Marc.</span> <span class='ocrx_word' id='word_1_200' title='bbox 1657 1326 1688 1348; x_wconf 88' lang='grc' dir='ltr'>Α.</span> <span class='ocrx_word' id='word_1_201' title='bbox 1735 1324 1806 1353; x_wconf 82' lang='lat' dir='ltr'>Quod</span> <span class='ocrx_word' id='word_1_202' title='bbox 1827 1333 1863 1348; x_wconf 80' lang='lat' dir='ltr'>re-</span> 
     </span>
     <span class='ocr_line' id='line_1_22' title="bbox 172 1358 1366 1389; baseline -0.001 -7"><span class='ocrx_word' id='word_1_203' title='bbox 172 1366 193 1382; x_wconf 86' lang='lat'>2.</span> <span class='ocrx_word' id='word_1_204' title='bbox 211 1358 304 1389; x_wconf 53' lang='lat' dir='ltr'>&amp;Boo-m]</span> <span class='ocrx_word' id='word_1_205' title='bbox 324 1360 380 1382; x_wconf 74' lang='lat' dir='ltr'>cod.</span> <span class='ocrx_word' id='word_1_206' title='bbox 394 1360 449 1383; x_wconf 78' lang='lat' dir='ltr'>Vat.</span> <span class='ocrx_word' id='word_1_207' title='bbox 463 1359 568 1382; x_wconf 60' lang='grc' dir='ltr'>ἓέὸακται.</span> <span class='ocrx_word' id='word_1_208' title='bbox 723 1360 780 1382; x_wconf 68' lang='grc' dir='ltr'>(ἶυά.</span> <span class='ocrx_word' id='word_1_209' title='bbox 794 1360 850 1382; x_wconf 81' lang='lat' dir='ltr'>vat.</span> <span class='ocrx_word' id='word_1_210' title='bbox 1309 1359 1366 1388; x_wconf 80' lang='lat' dir='ltr'>cepi.</span> 
     </span>
    </p>
   </div>
   <div class='ocr_carea' id='block_1_11' title="bbox 171 1392 456 1422">
    <p class='ocr_par' dir='ltr' id='par_1_11' title="bbox 171 1392 456 1422">
     <span class='ocr_line' id='line_1_23' title="bbox 171 1392 456 1422; baseline 0.004 -9"><span class='ocrx_word' id='word_1_211' title='bbox 171 1397 192 1421; x_wconf 90' lang='lat'>7.</span> <span class='ocrx_word' id='word_1_212' title='bbox 211 1392 325 1422; x_wconf 62' lang='grc' dir='ltr'>γειόμενον]</span> <span class='ocrx_word' id='word_1_213' title='bbox 347 1394 456 1420; x_wconf 62' lang='grc' dir='ltr'>γινάμεναν.</span> 
     </span>
    </p>
   </div>
   <div class='ocr_carea' id='block_1_12' title="bbox 759 1391 1275 1423">
    <p class='ocr_par' dir='ltr' id='par_1_12' title="bbox 759 1391 1275 1423">
     <span class='ocr_line' id='line_1_24' title="bbox 759 1391 1275 1423; baseline -0.002 -9"><span class='ocrx_word' id='word_1_214' title='bbox 759 1399 793 1414; x_wconf 84' lang='lat'>12.</span> <span class='ocrx_word' id='word_1_215' title='bbox 813 1392 913 1423; x_wconf 66' lang='grc' dir='ltr'>ὁπεκςεΐ]</span> <span class='ocrx_word' id='word_1_216' title='bbox 933 1392 971 1415; x_wconf 82' lang='lat' dir='ltr'>Ita</span> <span class='ocrx_word' id='word_1_217' title='bbox 990 1392 1061 1415; x_wconf 77' lang='lat' dir='ltr'>etiarn</span> <span class='ocrx_word' id='word_1_218' title='bbox 1082 1391 1139 1414; x_wconf 84' lang='lat' dir='ltr'>Cod.</span> <span class='ocrx_word' id='word_1_219' title='bbox 1158 1391 1214 1414; x_wconf 81' lang='lat' dir='ltr'>Vat.</span> <span class='ocrx_word' id='word_1_220' title='bbox 1235 1392 1275 1414; x_wconf 78' lang='lat' dir='ltr'>sed</span> 
     </span>
    </p>
   </div>
   <div class='ocr_carea' id='block_1_13' title="bbox 1341 1390 1737 1422">
    <p class='ocr_par' dir='ltr' id='par_1_13' title="bbox 1341 1390 1737 1422">
     <span class='ocr_line' id='line_1_25' title="bbox 1341 1390 1737 1422; baseline 0 -9"><span class='ocrx_word' id='word_1_221' title='bbox 1341 1392 1371 1414; x_wconf 84' lang='lat' dir='ltr'>il).</span> <span class='ocrx_word' id='word_1_222' title='bbox 1391 1390 1492 1422; x_wconf 64' lang='grc' dir='ltr'>πρόσεισι]</span> <span class='ocrx_word' id='word_1_223' title='bbox 1514 1390 1570 1414; x_wconf 84' lang='lat' dir='ltr'>Cod.</span> <span class='ocrx_word' id='word_1_224' title='bbox 1583 1390 1639 1413; x_wconf 84' lang='lat' dir='ltr'>Vat.</span> <span class='ocrx_word' id='word_1_225' title='bbox 1653 1390 1737 1421; x_wconf 64' lang='grc' dir='ltr'>τρῆεισι.</span> 
     </span>
    </p>
   </div>
   <div class='ocr_carea' id='block_1_14' title="bbox 169 1423 1262 1455">
    <p class='ocr_par' dir='ltr' id='par_1_14' title="bbox 169 1423 1262 1455">
     <span class='ocr_line' id='line_1_26' title="bbox 169 1423 1262 1455; baseline 0 -9"><span class='ocrx_word' id='word_1_226' title='bbox 169 1425 199 1447; x_wconf 75' lang='lat' dir='ltr'>ib.</span> <span class='ocrx_word' id='word_1_227' title='bbox 214 1425 261 1455; x_wconf 62' lang='grc' dir='ltr'>πρὸς</span> <span class='ocrx_word' id='word_1_228' title='bbox 274 1425 350 1455; x_wconf 67' lang='grc' dir='ltr'>αυτόν]</span> <span class='ocrx_word' id='word_1_229' title='bbox 364 1426 438 1448; x_wconf 71' lang='lat' dir='ltr'>codd.</span> <span class='ocrx_word' id='word_1_230' title='bbox 449 1425 532 1448; x_wconf 83' lang='lat' dir='ltr'>Darm.</span> <span class='ocrx_word' id='word_1_231' title='bbox 545 1430 569 1448; x_wconf 75' lang='lat' dir='ltr'>et</span> <span class='ocrx_word' id='word_1_232' title='bbox 582 1424 646 1447; x_wconf 76' lang='lat' dir='ltr'>Med.</span> <span class='ocrx_word' id='word_1_233' title='bbox 658 1425 689 1447; x_wconf 83' lang='grc' dir='ltr'>Α.</span> <span class='ocrx_word' id='word_1_234' title='bbox 723 1432 782 1447; x_wconf 80' lang='lat' dir='ltr'>corr.</span> <span class='ocrx_word' id='word_1_235' title='bbox 794 1432 823 1447; x_wconf 80' lang='lat' dir='ltr'>ex</span> <span class='ocrx_word' id='word_1_236' title='bbox 837 1424 935 1455; x_wconf 66' lang='grc' dir='ltr'>ὑπεχρεῖ.</span> <span class='ocrx_word' id='word_1_237' title='bbox 960 1424 1035 1448; x_wconf 84' lang='lat' dir='ltr'>Marc.</span> <span class='ocrx_word' id='word_1_238' title='bbox 1046 1425 1077 1447; x_wconf 84' lang='lat' dir='ltr'>A.</span> <span class='ocrx_word' id='word_1_239' title='bbox 1092 1424 1191 1455; x_wconf 66' lang='grc' dir='ltr'>ὑπεκρξεῖ</span> <span class='ocrx_word' id='word_1_240' title='bbox 1200 1423 1262 1455; x_wconf 84' lang='lat' dir='ltr'>(sic).</span> 
     </span>
    </p>
   </div>
   <div class='ocr_carea' id='block_1_15' title="bbox 172 1543 975 2024">
    <p class='ocr_par' dir='ltr' id='par_1_15' title="bbox 172 1543 975 2024">
     <span class='ocr_line' id='line_1_27' title="bbox 175 1543 975 1580; baseline 0 -9"><span class='ocrx_word' id='word_1_241' title='bbox 175 1546 336 1580; x_wconf 70' lang='lat' dir='ltr'>superiorem</span> <span class='ocrx_word' id='word_1_242' title='bbox 358 1545 496 1580; x_wconf 70' lang='lat' dir='ltr'><em>acquirere</em></span> <span class='ocrx_word' id='word_1_243' title='bbox 514 1548 683 1580; x_wconf 58' lang='lat' dir='ltr'>potas-tatem,</span> <span class='ocrx_word' id='word_1_244' title='bbox 704 1554 753 1580; x_wconf 83' lang='lat' dir='ltr'>per</span> <span class='ocrx_word' id='word_1_245' title='bbox 772 1554 852 1580; x_wconf 79' lang='lat' dir='ltr'>qzmm</span> <span class='ocrx_word' id='word_1_246' title='bbox 866 1543 975 1580; x_wconf 75' lang='lat' dir='ltr'>frttalia</span> 
     </span>
     <span class='ocr_line' id='line_1_28' title="bbox 176 1585 973 1620; baseline 0 -9"><span class='ocrx_word' id='word_1_247' title='bbox 176 1585 243 1611; x_wconf 79' lang='lat' dir='ltr'>bona</span> <span class='ocrx_word' id='word_1_248' title='bbox 259 1586 362 1620; x_wconf 73' lang='lat' dir='ltr'>quidem</span> <span class='ocrx_word' id='word_1_249' title='bbox 379 1589 506 1619; x_wconf 69' lang='lat' dir='ltr'>augeant,</span> <span class='ocrx_word' id='word_1_250' title='bbox 526 1586 597 1611; x_wconf 60' lang='lat' dir='ltr'>mala</span> <span class='ocrx_word' id='word_1_251' title='bbox 619 1595 679 1611; x_wconf 71' lang='lat' dir='ltr'>rero</span> <span class='ocrx_word' id='word_1_252' title='bbox 694 1587 825 1611; x_wconf 72' lang='lat' dir='ltr'>minuant.</span> <span class='ocrx_word' id='word_1_253' title='bbox 870 1586 973 1620; x_wconf 81' lang='lat' dir='ltr'>Propo-</span> 
     </span>
     <span class='ocr_line' id='line_1_29' title="bbox 175 1625 973 1652; baseline 0 -1"><span class='ocrx_word' id='word_1_254' title='bbox 175 1629 243 1652; x_wconf 78' lang='lat' dir='ltr'>nunt</span> <span class='ocrx_word' id='word_1_255' title='bbox 261 1626 395 1652; x_wconf 70' lang='lat' dir='ltr'>Platonici</span> <span class='ocrx_word' id='word_1_256' title='bbox 411 1626 635 1652; x_wconf 69' lang='lat' dir='ltr'>intellectualibus</span> <span class='ocrx_word' id='word_1_257' title='bbox 653 1626 749 1652; x_wconf 70' lang='lat' dir='ltr'>(inlinis</span> <span class='ocrx_word' id='word_1_258' title='bbox 772 1625 867 1652; x_wconf 49' lang='lat' dir='ltr'>&#39;mundi</span> <span class='ocrx_word' id='word_1_259' title='bbox 888 1629 973 1652; x_wconf 79' lang='lat' dir='ltr'>recto-</span> 
     </span>
     <span class='ocr_line' id='line_1_30' title="bbox 174 1666 975 1702; baseline 0.001 -11"><span class='ocrx_word' id='word_1_260' title='bbox 174 1666 246 1692; x_wconf 77' lang='lat' dir='ltr'>ribus</span> <span class='ocrx_word' id='word_1_261' title='bbox 261 1666 410 1692; x_wconf 67' lang='lat' dir='ltr'>intellectus</span> <span class='ocrx_word' id='word_1_262' title='bbox 428 1675 520 1702; x_wconf 76' lang='lat' dir='ltr'>puros,</span> <span class='ocrx_word' id='word_1_263' title='bbox 538 1666 577 1692; x_wconf 74' lang='lat' dir='ltr'>his</span> <span class='ocrx_word' id='word_1_264' title='bbox 591 1667 753 1692; x_wconf 71' lang='lat' dir='ltr'>intellectura</span> <span class='ocrx_word' id='word_1_265' title='bbox 770 1666 897 1697; x_wconf 70' lang='lat' dir='ltr'>divinum,</span> <span class='ocrx_word' id='word_1_266' title='bbox 914 1666 975 1692; x_wconf 76' lang='lat' dir='ltr'>huic</span> 
     </span>
     <span class='ocr_line' id='line_1_31' title="bbox 172 1705 974 1742; baseline 0 -10"><span class='ocrx_word' id='word_1_267' title='bbox 172 1709 277 1741; x_wconf 78' lang='lat' dir='ltr'>patrem</span> <span class='ocrx_word' id='word_1_268' title='bbox 292 1705 347 1740; x_wconf 78' lang='lat' dir='ltr'>ejus</span> <span class='ocrx_word' id='word_1_269' title='bbox 363 1707 445 1741; x_wconf 73' lang='lat' dir='ltr'>ipsum</span> <span class='ocrx_word' id='word_1_270' title='bbox 463 1707 556 1732; x_wconf 77' lang='lat' dir='ltr'>honum</span> <span class='ocrx_word' id='word_1_271' title='bbox 570 1718 578 1732; x_wconf 91' lang='lat'>.·</span> <span class='ocrx_word' id='word_1_272' title='bbox 602 1707 744 1732; x_wconf 74' lang='lat' dir='ltr'>mundanis</span> <span class='ocrx_word' id='word_1_273' title='bbox 760 1706 824 1732; x_wconf 63' lang='lat' dir='ltr'>Dus</span> <span class='ocrx_word' id='word_1_274' title='bbox 843 1706 974 1742; x_wconf 59' lang='lat' dir='ltr'>sacrificia</span> 
     </span>
     <span class='ocr_line' id='line_1_32' title="bbox 175 1747 973 1782; baseline 0 -10"><span class='ocrx_word' id='word_1_275' title='bbox 175 1755 301 1782; x_wconf 78' lang='lat' dir='ltr'>corporea</span> <span class='ocrx_word' id='word_1_276' title='bbox 321 1747 494 1778; x_wconf 69' lang='lat' dir='ltr'>constituunt,</span> <span class='ocrx_word' id='word_1_277' title='bbox 511 1747 690 1782; x_wconf 70' lang='lat' dir='ltr'>superioribus</span> <span class='ocrx_word' id='word_1_278' title='bbox 710 1750 878 1781; x_wconf 68' lang='lat' dir='ltr'>segregatam</span> <span class='ocrx_word' id='word_1_279' title='bbox 898 1747 973 1773; x_wconf 60' lang='lat' dir='ltr'>dedi-</span> 
     </span>
     <span class='ocr_line' id='line_1_33' title="bbox 175 1788 974 1822; baseline 0.003 -11"><span class='ocrx_word' id='word_1_280' title='bbox 175 1790 236 1813; x_wconf 72' lang='lat' dir='ltr'>cant</span> <span class='ocrx_word' id='word_1_281' title='bbox 258 1788 470 1818; x_wconf 69' lang='lat' dir='ltr'><em>sanctimoniam,</em></span> <span class='ocrx_word' id='word_1_282' title='bbox 491 1788 579 1822; x_wconf 75' lang='lat' dir='ltr'>primo</span> <span class='ocrx_word' id='word_1_283' title='bbox 601 1788 843 1822; x_wconf 62' lang='lat' dir='ltr'>segregatissiraam</span> <span class='ocrx_word' id='word_1_284' title='bbox 857 1798 866 1813; x_wconf 90' lang='lat'>.·</span> <span class='ocrx_word' id='word_1_285' title='bbox 897 1788 974 1822; x_wconf 74' lang='lat' dir='ltr'>idque</span> 
     </span>
     <span class='ocr_line' id='line_1_34' title="bbox 175 1827 974 1863; baseline 0.003 -12"><span class='ocrx_word' id='word_1_286' title='bbox 175 1827 311 1862; x_wconf 62' lang='lat' dir='ltr'>emgfiruml</span> <span class='ocrx_word' id='word_1_287' title='bbox 334 1828 494 1863; x_wconf 77' lang='lat' dir='ltr'>Apollonius</span> <span class='ocrx_word' id='word_1_288' title='bbox 519 1828 649 1862; x_wconf 69' lang='lat' dir='ltr'>Tyaneus.</span> <span class='ocrx_word' id='word_1_289' title='bbox 697 1828 894 1854; x_wconf 72' lang='lat' dir='ltr'>Adoratianem</span> <span class='ocrx_word' id='word_1_290' title='bbox 917 1836 974 1862; x_wconf 77' lang='lat' dir='ltr'>proe</span> 
     </span>
     <span class='ocr_line' id='line_1_35' title="bbox 176 1867 972 1903; baseline 0.001 -11"><span class='ocrx_word' id='word_1_291' title='bbox 176 1868 275 1893; x_wconf 74' lang='lat' dir='ltr'>coeleris</span> <span class='ocrx_word' id='word_1_292' title='bbox 289 1868 392 1902; x_wconf 77' lang='lat' dir='ltr'>eligunt</span> <span class='ocrx_word' id='word_1_293' title='bbox 406 1868 593 1903; x_wconf 56' lang='lat' dir='ltr'>superioribw,</span> <span class='ocrx_word' id='word_1_294' title='bbox 609 1871 633 1894; x_wconf 78' lang='lat' dir='ltr'>et</span> <span class='ocrx_word' id='word_1_295' title='bbox 645 1877 767 1903; x_wconf 65' lang='lat' dir='ltr'>supremo</span> <span class='ocrx_word' id='word_1_296' title='bbox 782 1867 894 1902; x_wconf 77' lang='lat' dir='ltr'>denique</span> <span class='ocrx_word' id='word_1_297' title='bbox 909 1877 972 1893; x_wconf 69' lang='lat' dir='ltr'>‹Jon-</span> 
     </span>
     <span class='ocr_line' id='line_1_36' title="bbox 174 1908 973 1943; baseline 0.003 -11"><span class='ocrx_word' id='word_1_298' title='bbox 174 1910 324 1933; x_wconf 67' lang='lat' dir='ltr'>socratam:</span> <span class='ocrx_word' id='word_1_299' title='bbox 349 1908 421 1934; x_wconf 77' lang='lat' dir='ltr'>illinc</span> <span class='ocrx_word' id='word_1_300' title='bbox 441 1909 510 1934; x_wconf 75' lang='lat' dir='ltr'>enim</span> <span class='ocrx_word' id='word_1_301' title='bbox 531 1908 597 1934; x_wconf 75' lang='lat' dir='ltr'>bona</span> <span class='ocrx_word' id='word_1_302' title='bbox 622 1909 755 1943; x_wconf 64' lang='lat' dir='ltr'>ampliora</span> <span class='ocrx_word' id='word_1_303' title='bbox 778 1908 883 1943; x_wconf 60' lang='lat' dir='ltr'>referri..</span> <span class='ocrx_word' id='word_1_304' title='bbox 928 1908 973 1934; x_wconf 78' lang='lat' dir='ltr'>De</span> 
     </span>
     <span class='ocr_line' id='line_1_37' title="bbox 175 1946 973 1984; baseline 0.003 -12"><span class='ocrx_word' id='word_1_305' title='bbox 175 1946 215 1972; x_wconf 70' lang='lat' dir='ltr'>his</span> <span class='ocrx_word' id='word_1_306' title='bbox 229 1948 301 1981; x_wconf 75' lang='lat' dir='ltr'>apud</span> <span class='ocrx_word' id='word_1_307' title='bbox 315 1947 488 1974; x_wconf 69' lang='lat' dir='ltr'>lanmlichum</span> <span class='ocrx_word' id='word_1_308' title='bbox 504 1952 529 1975; x_wconf 78' lang='lat' dir='ltr'>et</span> <span class='ocrx_word' id='word_1_309' title='bbox 546 1948 735 1984; x_wconf 77' lang='lat' dir='ltr'>Porphyrium,</span> <span class='ocrx_word' id='word_1_310' title='bbox 753 1958 818 1984; x_wconf 78' lang='lat' dir='ltr'>qnos</span> <span class='ocrx_word' id='word_1_311' title='bbox 832 1957 917 1983; x_wconf 80' lang='lat' dir='ltr'>nuper</span> <span class='ocrx_word' id='word_1_312' title='bbox 933 1949 973 1974; x_wconf 78' lang='lat' dir='ltr'>in-</span> 
     </span>
     <span class='ocr_line' id='line_1_38' title="bbox 175 1988 796 2024; baseline 0.006 -13"><span class='ocrx_word' id='word_1_313' title='bbox 175 1988 318 2022; x_wconf 72' lang='lat' dir='ltr'>terpretati</span> <span class='ocrx_word' id='word_1_314' title='bbox 332 1997 429 2019; x_wconf 68' lang='lat' dir='ltr'>statius,</span> <span class='ocrx_word' id='word_1_315' title='bbox 447 1989 533 2023; x_wconf 76' lang='lat' dir='ltr'>[egere</span> <span class='ocrx_word' id='word_1_316' title='bbox 548 1989 675 2015; x_wconf 67' lang='lat' dir='ltr'>latissime</span> <span class='ocrx_word' id='word_1_317' title='bbox 687 1989 796 2024; x_wconf 67' lang='lat' dir='ltr'>poteris.</span> 
     </span>
    </p>
   </div>
   <div class='ocr_carea' id='block_1_16' title="bbox 134 2056 971 2651">
    <p class='ocr_par' dir='ltr' id='par_1_16' title="bbox 134 2056 971 2651">
     <span class='ocr_line' id='line_1_39' title="bbox 180 2056 971 2099; baseline 0.003 -13"><span class='ocrx_word' id='word_1_318' title='bbox 180 2058 249 2087; x_wconf 86' lang='lat' dir='ltr'>Non</span> <span class='ocrx_word' id='word_1_319' title='bbox 271 2056 364 2097; x_wconf 81' lang='lat' dir='ltr'>igitur</span> <span class='ocrx_word' id='word_1_320' title='bbox 384 2069 461 2099; x_wconf 88' lang='lat' dir='ltr'>opus</span> <span class='ocrx_word' id='word_1_321' title='bbox 483 2058 540 2088; x_wconf 88' lang='lat' dir='ltr'>erit</span> <span class='ocrx_word' id='word_1_322' title='bbox 563 2059 707 2090; x_wconf 84' lang='lat' dir='ltr'>memoria</span> <span class='ocrx_word' id='word_1_323' title='bbox 730 2058 823 2090; x_wconf 84' lang='lat' dir='ltr'>stellis</span> <span class='ocrx_word' id='word_1_324' title='bbox 845 2058 971 2089; x_wconf 81' lang='lat' dir='ltr'>exaudi-</span> 
     </span>
     <span class='ocr_line' id='line_1_40' title="bbox 135 2099 970 2142; baseline 0.002 -13"><span class='ocrx_word' id='word_1_325' title='bbox 135 2099 205 2130; x_wconf 82' lang='lat' dir='ltr'>endi</span> <span class='ocrx_word' id='word_1_326' title='bbox 230 2100 291 2129; x_wconf 85' lang='lat' dir='ltr'>voti</span> <span class='ocrx_word' id='word_1_327' title='bbox 314 2100 421 2140; x_wconf 81' lang='lat' dir='ltr'>gratia,</span> <span class='ocrx_word' id='word_1_328' title='bbox 447 2101 534 2142; x_wconf 82' lang='lat' dir='ltr'>cujus</span> <span class='ocrx_word' id='word_1_329' title='bbox 557 2113 648 2132; x_wconf 88' lang='lat' dir='ltr'>causa</span> <span class='ocrx_word' id='word_1_330' title='bbox 671 2102 736 2132; x_wconf 59' lang='lat' dir='ltr'>haec</span> <span class='ocrx_word' id='word_1_331' title='bbox 762 2101 970 2138; x_wconf 77' lang='lat' dir='ltr'>tractavimus,</span> 
     </span>
     <span class='ocr_line' id='line_1_41' title="bbox 135 2142 970 2186; baseline 0.002 -13"><span class='ocrx_word' id='word_1_332' title='bbox 135 2154 235 2184; x_wconf 83' lang='lat' dir='ltr'>neque</span> <span class='ocrx_word' id='word_1_333' title='bbox 260 2142 398 2172; x_wconf 76' lang='lat' dir='ltr'>sensibus</span> <span class='ocrx_word' id='word_1_334' title='bbox 423 2150 494 2173; x_wconf 80' lang='lat' dir='ltr'>vota</span> <span class='ocrx_word' id='word_1_335' title='bbox 519 2143 578 2174; x_wconf 90' lang='lat' dir='ltr'>illic</span> <span class='ocrx_word' id='word_1_336' title='bbox 604 2145 836 2175; x_wconf 77' lang='lat' dir='ltr'>nuntiantibus:</span> <span class='ocrx_word' id='word_1_337' title='bbox 871 2156 970 2186; x_wconf 88' lang='lat' dir='ltr'>neque</span> 
     </span>
     <span class='ocr_line' id='line_1_42' title="bbox 135 2184 971 2227; baseline 0.002 -11"><span class='ocrx_word' id='word_1_338' title='bbox 135 2185 308 2227; x_wconf 83' lang='lat' dir='ltr'>putandum</span> <span class='ocrx_word' id='word_1_339' title='bbox 321 2192 377 2221; x_wconf 83' lang='lat' dir='ltr'>est,</span> <span class='ocrx_word' id='word_1_340' title='bbox 390 2184 489 2215; x_wconf 81' lang='lat' dir='ltr'>stellas</span> <span class='ocrx_word' id='word_1_341' title='bbox 504 2185 544 2216; x_wconf 89' lang='lat' dir='ltr'>sie</span> <span class='ocrx_word' id='word_1_342' title='bbox 556 2198 689 2217; x_wconf 86' lang='lat' dir='ltr'>annuere</span> <span class='ocrx_word' id='word_1_343' title='bbox 703 2187 790 2225; x_wconf 87' lang='lat' dir='ltr'>votis,</span> <span class='ocrx_word' id='word_1_344' title='bbox 803 2187 880 2218; x_wconf 89' lang='lat' dir='ltr'>sicut</span> <span class='ocrx_word' id='word_1_345' title='bbox 896 2199 971 2217; x_wconf 91' lang='lat' dir='ltr'>non-</span> 
     </span>
     <span class='ocr_line' id='line_1_43' title="bbox 135 2227 969 2268; baseline 0.001 -9"><span class='ocrx_word' id='word_1_346' title='bbox 135 2228 209 2259; x_wconf 82' lang='lat' dir='ltr'>nulli</span> <span class='ocrx_word' id='word_1_347' title='bbox 233 2227 374 2264; x_wconf 71' lang='lat' dir='ltr'>cxedunt,</span> <span class='ocrx_word' id='word_1_348' title='bbox 393 2227 479 2268; x_wconf 80' lang='lat' dir='ltr'>quasi</span> <span class='ocrx_word' id='word_1_349' title='bbox 504 2228 712 2267; x_wconf 85' lang='lat' dir='ltr'>deliberando,</span> <span class='ocrx_word' id='word_1_350' title='bbox 737 2231 787 2261; x_wconf 86' lang='lat' dir='ltr'>sed</span> <span class='ocrx_word' id='word_1_351' title='bbox 815 2242 875 2261; x_wconf 86' lang='lat' dir='ltr'>una</span> <span class='ocrx_word' id='word_1_352' title='bbox 899 2242 969 2260; x_wconf 88' lang='lat' dir='ltr'>cum</span> 
     </span>
     <span class='ocr_line' id='line_1_44' title="bbox 134 2269 968 2315; baseline 0.002 -14"><span class='ocrx_word' id='word_1_353' title='bbox 134 2271 200 2313; x_wconf 88' lang='lat' dir='ltr'>ipso</span> <span class='ocrx_word' id='word_1_354' title='bbox 217 2278 287 2301; x_wconf 80' lang='lat' dir='ltr'>voto</span> <span class='ocrx_word' id='word_1_355' title='bbox 302 2269 418 2311; x_wconf 82' lang='lat' dir='ltr'>aliquid</span> <span class='ocrx_word' id='word_1_356' title='bbox 436 2269 522 2307; x_wconf 78' lang='lat' dir='ltr'>effici,</span> <span class='ocrx_word' id='word_1_357' title='bbox 538 2282 571 2301; x_wconf 88' lang='lat' dir='ltr'>ac</span> <span class='ocrx_word' id='word_1_358' title='bbox 591 2272 680 2302; x_wconf 86' lang='lat' dir='ltr'>etiam</span> <span class='ocrx_word' id='word_1_359' title='bbox 702 2273 765 2303; x_wconf 81' lang='lat' dir='ltr'>sine</span> <span class='ocrx_word' id='word_1_360' title='bbox 780 2281 852 2304; x_wconf 87' lang='lat' dir='ltr'>voto</span> <span class='ocrx_word' id='word_1_361' title='bbox 867 2273 906 2303; x_wconf 89' lang='lat' dir='ltr'>ab</span> <span class='ocrx_word' id='word_1_362' title='bbox 922 2273 968 2315; x_wconf 87' lang='lat' dir='ltr'>ip-</span> 
     </span>
     <span class='ocr_line' id='line_1_45' title="bbox 134 2312 970 2357; baseline 0.004 -13"><span class='ocrx_word' id='word_1_363' title='bbox 134 2315 184 2352; x_wconf 81' lang='lat' dir='ltr'>sis,</span> <span class='ocrx_word' id='word_1_364' title='bbox 201 2325 264 2355; x_wconf 85' lang='lat' dir='ltr'>qua</span> <span class='ocrx_word' id='word_1_365' title='bbox 279 2313 394 2343; x_wconf 84' lang='lat' dir='ltr'>ratione</span> <span class='ocrx_word' id='word_1_366' title='bbox 411 2312 484 2353; x_wconf 68' lang='lat' dir='ltr'>ipsae</span> <span class='ocrx_word' id='word_1_367' title='bbox 499 2324 622 2355; x_wconf 83' lang='lat' dir='ltr'>quoquc</span> <span class='ocrx_word' id='word_1_368' title='bbox 639 2314 729 2345; x_wconf 88' lang='lat' dir='ltr'>unius</span> <span class='ocrx_word' id='word_1_369' title='bbox 744 2316 881 2357; x_wconf 87' lang='lat' dir='ltr'>ejusdem</span> <span class='ocrx_word' id='word_1_370' title='bbox 898 2324 970 2347; x_wconf 87' lang='lat' dir='ltr'>sunt</span> 
     </span>
     <span class='ocr_line' id='line_1_46' title="bbox 135 2355 970 2400; baseline 0.002 -13"><span class='ocrx_word' id='word_1_371' title='bbox 135 2364 244 2399; x_wconf 83' lang='lat' dir='ltr'>partes.</span> <span class='ocrx_word' id='word_1_372' title='bbox 290 2357 363 2386; x_wconf 67' lang='lat' dir='ltr'>‹Iani</span> <span class='ocrx_word' id='word_1_373' title='bbox 383 2367 454 2385; x_wconf 83' lang='lat' dir='ltr'>vero</span> <span class='ocrx_word' id='word_1_374' title='bbox 477 2355 553 2385; x_wconf 81' lang='lat' dir='ltr'>vires</span> <span class='ocrx_word' id='word_1_375' title='bbox 574 2356 664 2386; x_wconf 88' lang='lat' dir='ltr'>ctiam</span> <span class='ocrx_word' id='word_1_376' title='bbox 688 2358 803 2400; x_wconf 82' lang='lat' dir='ltr'>absque</span> <span class='ocrx_word' id='word_1_377' title='bbox 824 2359 970 2390; x_wconf 77' lang='lat' dir='ltr'>electione</span> 
     </span>
     <span class='ocr_line' id='line_1_47' title="bbox 135 2397 967 2442; baseline 0.002 -12"><span class='ocrx_word' id='word_1_378' title='bbox 135 2408 205 2430; x_wconf 87' lang='lat' dir='ltr'>sunt</span> <span class='ocrx_word' id='word_1_379' title='bbox 220 2399 337 2435; x_wconf 60' lang='lat' dir='ltr'>multae,</span> <span class='ocrx_word' id='word_1_380' title='bbox 354 2406 383 2428; x_wconf 82' lang='lat' dir='ltr'>ct</span> <span class='ocrx_word' id='word_1_381' title='bbox 400 2398 472 2439; x_wconf 75' lang='lat' dir='ltr'>ipsae</span> <span class='ocrx_word' id='word_1_382' title='bbox 488 2397 611 2439; x_wconf 87' lang='lat' dir='ltr'>quidem</span> <span class='ocrx_word' id='word_1_383' title='bbox 630 2406 694 2429; x_wconf 88' lang='lat' dir='ltr'>tum</span> <span class='ocrx_word' id='word_1_384' title='bbox 716 2401 831 2442; x_wconf 82' lang='lat' dir='ltr'>absque</span> <span class='ocrx_word' id='word_1_385' title='bbox 851 2402 967 2432; x_wconf 87' lang='lat' dir='ltr'>machi-</span> 
     </span>
     <span class='ocr_line' id='line_1_48' title="bbox 135 2439 969 2482; baseline 0.001 -9"><span class='ocrx_word' id='word_1_386' title='bbox 135 2442 266 2480; x_wconf 79' lang='lat' dir='ltr'>natione,</span> <span class='ocrx_word' id='word_1_387' title='bbox 279 2450 343 2472; x_wconf 84' lang='lat' dir='ltr'>tuin</span> <span class='ocrx_word' id='word_1_388' title='bbox 357 2453 393 2471; x_wconf 84' lang='lat' dir='ltr'>cx</span> <span class='ocrx_word' id='word_1_389' title='bbox 407 2448 472 2471; x_wconf 83' lang='lat' dir='ltr'>arte</span> <span class='ocrx_word' id='word_1_390' title='bbox 484 2439 637 2482; x_wconf 81' lang='lat' dir='ltr'>prodeunt</span> <span class='ocrx_word' id='word_1_391' title='bbox 649 2441 678 2471; x_wconf 90' lang='lat' dir='ltr'>in</span> <span class='ocrx_word' id='word_1_392' title='bbox 691 2443 845 2474; x_wconf 80' lang='lat' dir='ltr'>effectum:</span> <span class='ocrx_word' id='word_1_393' title='bbox 863 2456 874 2474; x_wconf 74' lang='lat' dir='ltr'>s</span> <span class='ocrx_word' id='word_1_394' title='bbox 887 2456 969 2474; x_wconf 88' lang='lat' dir='ltr'>uem-</span> 
     </span>
     <span class='ocr_line' id='line_1_49' title="bbox 134 2457 970 2528; baseline 0.002 -13"><span class='ocrx_word' id='word_1_395' title='bbox 134 2485 300 2516; x_wconf 80' lang='lat' dir='ltr'>admodum</span> <span class='ocrx_word' id='word_1_396' title='bbox 315 2484 343 2514; x_wconf 91' lang='lat' dir='ltr'>in</span> <span class='ocrx_word' id='word_1_397' title='bbox 359 2483 530 2524; x_wconf 80' lang='lat' dir='ltr'>unoquovis</span> <span class='ocrx_word' id='word_1_398' title='bbox 545 2482 677 2520; x_wconf 83' lang='lat' dir='ltr'>animali,</span> <span class='ocrx_word' id='word_1_399' title='bbox 690 2485 741 2514; x_wconf 89' lang='lat' dir='ltr'>ubi</span> <span class='ocrx_word' id='word_1_400' title='bbox 753 2485 837 2516; x_wconf 86' lang='lat' dir='ltr'>aliud</span> <span class='ocrx_word' id='word_1_401' title='bbox 853 2457 970 2528; x_wconf 83' lang='lat' dir='ltr'>aliquid</span> 
     </span>
     <span class='ocr_line' id='line_1_50' title="bbox 135 2526 967 2570; baseline 0 -12"><span class='ocrx_word' id='word_1_402' title='bbox 135 2535 269 2570; x_wconf 83' lang='lat' dir='ltr'>reportat</span> <span class='ocrx_word' id='word_1_403' title='bbox 293 2527 332 2558; x_wconf 89' lang='lat' dir='ltr'>ab</span> <span class='ocrx_word' id='word_1_404' title='bbox 356 2526 424 2564; x_wconf 86' lang='lat' dir='ltr'>alio,</span> <span class='ocrx_word' id='word_1_405' title='bbox 441 2534 470 2556; x_wconf 79' lang='lat' dir='ltr'>et</span> <span class='ocrx_word' id='word_1_406' title='bbox 496 2534 633 2555; x_wconf 72' lang='lat' dir='ltr'>servatur</span> <span class='ocrx_word' id='word_1_407' title='bbox 657 2534 686 2556; x_wconf 83' lang='lat' dir='ltr'>et</span> <span class='ocrx_word' id='word_1_408' title='bbox 713 2526 835 2558; x_wconf 56' lang='lat' dir='ltr'>lazditur</span> <span class='ocrx_word' id='word_1_409' title='bbox 858 2540 895 2558; x_wconf 83' lang='lat' dir='ltr'>ex</span> <span class='ocrx_word' id='word_1_410' title='bbox 921 2541 967 2566; x_wconf 87' lang='lat' dir='ltr'>eo,</span> 
     </span>
     <span class='ocr_line' id='line_1_51' title="bbox 134 2568 970 2612; baseline 0 -11"><span class='ocrx_word' id='word_1_411' title='bbox 134 2570 218 2612; x_wconf 89' lang='lat' dir='ltr'>quod</span> <span class='ocrx_word' id='word_1_412' title='bbox 233 2570 276 2601; x_wconf 85' lang='lat' dir='ltr'>ita</span> <span class='ocrx_word' id='word_1_413' title='bbox 292 2577 362 2600; x_wconf 89' lang='lat' dir='ltr'>sunt</span> <span class='ocrx_word' id='word_1_414' title='bbox 379 2568 557 2599; x_wconf 76' lang='lat' dir='ltr'>naturaliter</span> <span class='ocrx_word' id='word_1_415' title='bbox 572 2568 728 2598; x_wconf 81' lang='lat' dir='ltr'>instituta:</span> <span class='ocrx_word' id='word_1_416' title='bbox 747 2569 876 2611; x_wconf 85' lang='lat' dir='ltr'>ideoque</span> <span class='ocrx_word' id='word_1_417' title='bbox 891 2578 970 2601; x_wconf 86' lang='lat' dir='ltr'>artes</span> 
     </span>
     <span class='ocr_line' id='line_1_52' title="bbox 136 2610 970 2651; baseline 0 -8"><span class='ocrx_word' id='word_1_418' title='bbox 136 2621 199 2643; x_wconf 83' lang='lat' dir='ltr'>tum</span> <span class='ocrx_word' id='word_1_419' title='bbox 214 2613 412 2651; x_wconf 80' lang='lat' dir='ltr'>medicorum,</span> <span class='ocrx_word' id='word_1_420' title='bbox 426 2619 490 2642; x_wconf 81' lang='lat' dir='ltr'>tuin</span> <span class='ocrx_word' id='word_1_421' title='bbox 504 2610 723 2641; x_wconf 83' lang='lat' dir='ltr'>incantantium</span> <span class='ocrx_word' id='word_1_422' title='bbox 740 2611 868 2642; x_wconf 87' lang='lat' dir='ltr'>alterum</span> <span class='ocrx_word' id='word_1_423' title='bbox 885 2613 970 2643; x_wconf 83' lang='lat' dir='ltr'>alteri</span> 
     </span>
    </p>
   </div>
   <div class='ocr_carea' id='block_1_17' title="bbox 1012 1539 1859 2661">
    <p class='ocr_par' dir='ltr' id='par_1_17' title="bbox 1012 1539 1859 2661">
     <span class='ocr_line' id='line_1_53' title="bbox 1019 1539 1859 1584; baseline -0.004 -11"><span class='ocrx_word' id='word_1_424' title='bbox 1019 1550 1127 1584; x_wconf 82' lang='lat' dir='ltr'>sponte</span> <span class='ocrx_word' id='word_1_425' title='bbox 1150 1542 1308 1579; x_wconf 79' lang='lat' dir='ltr'>diffundit,</span> <span class='ocrx_word' id='word_1_426' title='bbox 1326 1549 1393 1572; x_wconf 92' lang='lat' dir='ltr'>tum</span> <span class='ocrx_word' id='word_1_427' title='bbox 1408 1541 1467 1572; x_wconf 91' lang='lat' dir='ltr'>alio</span> <span class='ocrx_word' id='word_1_428' title='bbox 1482 1541 1655 1572; x_wconf 78' lang='lat' dir='ltr'>attrahente</span> <span class='ocrx_word' id='word_1_429' title='bbox 1671 1539 1709 1570; x_wconf 85' lang='lat' dir='ltr'>ad</span> <span class='ocrx_word' id='word_1_430' title='bbox 1725 1539 1859 1582; x_wconf 84' lang='lat' dir='ltr'>aliquam</span> 
     </span>
     <span class='ocr_line' id='line_1_54' title="bbox 1018 1583 1857 1627; baseline -0.004 -11"><span class='ocrx_word' id='word_1_431' title='bbox 1018 1586 1085 1627; x_wconf 83' lang='lat' dir='ltr'>ejus</span> <span class='ocrx_word' id='word_1_432' title='bbox 1105 1592 1222 1627; x_wconf 85' lang='lat' dir='ltr'>partem</span> <span class='ocrx_word' id='word_1_433' title='bbox 1247 1585 1381 1616; x_wconf 88' lang='lat' dir='ltr'>demittit</span> <span class='ocrx_word' id='word_1_434' title='bbox 1402 1584 1520 1626; x_wconf 85' lang='lat' dir='ltr'>aliquid</span> <span class='ocrx_word' id='word_1_435' title='bbox 1545 1583 1606 1614; x_wconf 90' lang='lat' dir='ltr'>suis</span> <span class='ocrx_word' id='word_1_436' title='bbox 1628 1583 1767 1624; x_wconf 84' lang='lat' dir='ltr'>partibus</span> <span class='ocrx_word' id='word_1_437' title='bbox 1785 1583 1857 1613; x_wconf 87' lang='lat' dir='ltr'>insi-</span> 
     </span>
     <span class='ocr_line' id='line_1_55' title="bbox 1019 1627 1856 1669; baseline -0.005 -10"><span class='ocrx_word' id='word_1_438' title='bbox 1019 1635 1097 1665; x_wconf 87' lang='lat' dir='ltr'>tum,</span> <span class='ocrx_word' id='word_1_439' title='bbox 1114 1636 1144 1659; x_wconf 86' lang='lat' dir='ltr'>et</span> <span class='ocrx_word' id='word_1_440' title='bbox 1159 1628 1230 1659; x_wconf 85' lang='lat' dir='ltr'>illuc</span> <span class='ocrx_word' id='word_1_441' title='bbox 1253 1628 1360 1659; x_wconf 88' lang='lat' dir='ltr'>eodem</span> <span class='ocrx_word' id='word_1_442' title='bbox 1382 1627 1513 1658; x_wconf 87' lang='lat' dir='ltr'>naturali</span> <span class='ocrx_word' id='word_1_443' title='bbox 1529 1627 1634 1669; x_wconf 86' lang='lat' dir='ltr'>vigore</span> <span class='ocrx_word' id='word_1_444' title='bbox 1649 1633 1856 1668; x_wconf 88' lang='lat' dir='ltr'>protractum:</span> 
     </span>
     <span class='ocr_line' id='line_1_56' title="bbox 1018 1669 1859 1714; baseline -0.005 -12"><span class='ocrx_word' id='word_1_445' title='bbox 1018 1671 1135 1714; x_wconf 85' lang='lat' dir='ltr'>quippe</span> <span class='ocrx_word' id='word_1_446' title='bbox 1157 1682 1239 1709; x_wconf 82' lang='lat' dir='ltr'>cum,</span> <span class='ocrx_word' id='word_1_447' title='bbox 1263 1671 1315 1713; x_wconf 90' lang='lat' dir='ltr'>qui</span> <span class='ocrx_word' id='word_1_448' title='bbox 1339 1678 1477 1712; x_wconf 81' lang='lat' dir='ltr'>exoptat,</span> <span class='ocrx_word' id='word_1_449' title='bbox 1502 1682 1563 1700; x_wconf 91' lang='lat' dir='ltr'>non</span> <span class='ocrx_word' id='word_1_450' title='bbox 1589 1669 1627 1700; x_wconf 87' lang='lat' dir='ltr'>sit</span> <span class='ocrx_word' id='word_1_451' title='bbox 1653 1669 1779 1699; x_wconf 88' lang='lat' dir='ltr'>alienus.</span> <span class='ocrx_word' id='word_1_452' title='bbox 1827 1669 1859 1699; x_wconf 88' lang='lat' dir='ltr'>Si</span> 
     </span>
     <span class='ocr_line' id='line_1_57' title="bbox 1018 1711 1857 1756; baseline -0.005 -12"><span class='ocrx_word' id='word_1_453' title='bbox 1018 1722 1132 1751; x_wconf 87' lang='lat' dir='ltr'>autem,</span> <span class='ocrx_word' id='word_1_454' title='bbox 1160 1714 1213 1756; x_wconf 86' lang='lat' dir='ltr'>qui</span> <span class='ocrx_word' id='word_1_455' title='bbox 1245 1721 1399 1756; x_wconf 83' lang='lat' dir='ltr'>precatur,</span> <span class='ocrx_word' id='word_1_456' title='bbox 1426 1721 1471 1744; x_wconf 85' lang='lat' dir='ltr'>est</span> <span class='ocrx_word' id='word_1_457' title='bbox 1500 1712 1610 1749; x_wconf 85' lang='lat' dir='ltr'>malus,</span> <span class='ocrx_word' id='word_1_458' title='bbox 1642 1711 1716 1741; x_wconf 86' lang='lat' dir='ltr'>nihil</span> <span class='ocrx_word' id='word_1_459' title='bbox 1746 1711 1857 1742; x_wconf 89' lang='lat' dir='ltr'>mirum</span> 
     </span>
     <span class='ocr_line' id='line_1_58' title="bbox 1017 1754 1856 1799; baseline -0.004 -11"><span class='ocrx_word' id='word_1_460' title='bbox 1017 1765 1062 1788; x_wconf 87' lang='lat' dir='ltr'>est</span> <span class='ocrx_word' id='word_1_461' title='bbox 1085 1757 1264 1799; x_wconf 86' lang='lat' dir='ltr'>impetrare:</span> <span class='ocrx_word' id='word_1_462' title='bbox 1299 1769 1368 1788; x_wconf 83' lang='lat' dir='ltr'>nam</span> <span class='ocrx_word' id='word_1_463' title='bbox 1392 1768 1429 1787; x_wconf 84' lang='lat' dir='ltr'>ex</span> <span class='ocrx_word' id='word_1_464' title='bbox 1453 1755 1632 1786; x_wconf 87' lang='lat' dir='ltr'>fluminibus</span> <span class='ocrx_word' id='word_1_465' title='bbox 1657 1754 1743 1796; x_wconf 88' lang='lat' dir='ltr'>pravi</span> <span class='ocrx_word' id='word_1_466' title='bbox 1766 1754 1856 1785; x_wconf 88' lang='lat' dir='ltr'>etiam</span> 
     </span>
     <span class='ocr_line' id='line_1_59' title="bbox 1017 1796 1856 1841; baseline -0.005 -10"><span class='ocrx_word' id='word_1_467' title='bbox 1017 1800 1175 1831; x_wconf 84' lang='lat' dir='ltr'>hauriunt.</span> <span class='ocrx_word' id='word_1_468' title='bbox 1222 1802 1376 1831; x_wconf 84' lang='lat' dir='ltr'>Praeterea</span> <span class='ocrx_word' id='word_1_469' title='bbox 1390 1799 1473 1841; x_wconf 89' lang='lat' dir='ltr'>quod</span> <span class='ocrx_word' id='word_1_470' title='bbox 1491 1799 1631 1840; x_wconf 84' lang='lat' dir='ltr'>largitur,</span> <span class='ocrx_word' id='word_1_471' title='bbox 1647 1797 1723 1839; x_wconf 89' lang='lat' dir='ltr'>quid</span> <span class='ocrx_word' id='word_1_472' title='bbox 1744 1796 1856 1839; x_wconf 83' lang='lat' dir='ltr'>largia-</span> 
     </span>
     <span class='ocr_line' id='line_1_60' title="bbox 1018 1842 1856 1885; baseline -0.005 -11"><span class='ocrx_word' id='word_1_473' title='bbox 1018 1851 1069 1874; x_wconf 86' lang='lat' dir='ltr'>tur</span> <span class='ocrx_word' id='word_1_474' title='bbox 1085 1843 1221 1885; x_wconf 82' lang='lat' dir='ltr'>ignorat:</span> <span class='ocrx_word' id='word_1_475' title='bbox 1244 1843 1296 1874; x_wconf 91' lang='lat' dir='ltr'>sed</span> <span class='ocrx_word' id='word_1_476' title='bbox 1313 1843 1443 1885; x_wconf 82' lang='lat' dir='ltr'>largitur</span> <span class='ocrx_word' id='word_1_477' title='bbox 1458 1848 1590 1873; x_wconf 87' lang='lat' dir='ltr'>tantum.</span> <span class='ocrx_word' id='word_1_478' title='bbox 1616 1842 1739 1871; x_wconf 83' lang='lat' dir='ltr'>Interea</span> <span class='ocrx_word' id='word_1_479' title='bbox 1756 1848 1856 1871; x_wconf 89' lang='lat' dir='ltr'>tamen</span> 
     </span>
     <span class='ocr_line' id='line_1_61' title="bbox 1016 1891 1854 1928; baseline -0.005 -11"><span class='ocrx_word' id='word_1_480' title='bbox 1016 1898 1129 1917; x_wconf 84' lang='lat' dir='ltr'>munus</span> <span class='ocrx_word' id='word_1_481' title='bbox 1152 1898 1253 1928; x_wconf 85' lang='lat' dir='ltr'>ipsum</span> <span class='ocrx_word' id='word_1_482' title='bbox 1276 1898 1346 1917; x_wconf 88' lang='lat' dir='ltr'>cnm</span> <span class='ocrx_word' id='word_1_483' title='bbox 1372 1893 1481 1916; x_wconf 86' lang='lat' dir='ltr'>natura</span> <span class='ocrx_word' id='word_1_484' title='bbox 1502 1895 1636 1915; x_wconf 72' lang='lat' dir='ltr'>umverffl</span> <span class='ocrx_word' id='word_1_485' title='bbox 1655 1891 1854 1914; x_wconf 85' lang='lat' dir='ltr'>connecntur.</span> 
     </span>
     <span class='ocr_line' id='line_1_62' title="bbox 1017 1926 1854 1971; baseline -0.005 -11"><span class='ocrx_word' id='word_1_486' title='bbox 1017 1930 1214 1971; x_wconf 82' lang='lat' dir='ltr'>Quapropter</span> <span class='ocrx_word' id='word_1_487' title='bbox 1230 1929 1253 1960; x_wconf 87' lang='lat' dir='ltr'>si</span> <span class='ocrx_word' id='word_1_488' title='bbox 1268 1929 1338 1971; x_wconf 88' lang='lat' dir='ltr'>quis</span> <span class='ocrx_word' id='word_1_489' title='bbox 1360 1928 1510 1971; x_wconf 83' lang='lat' dir='ltr'>acceperit</span> <span class='ocrx_word' id='word_1_490' title='bbox 1531 1939 1568 1958; x_wconf 84' lang='lat' dir='ltr'>ex</span> <span class='ocrx_word' id='word_1_491' title='bbox 1590 1927 1646 1965; x_wconf 89' lang='lat' dir='ltr'>his,</span> <span class='ocrx_word' id='word_1_492' title='bbox 1662 1938 1732 1968; x_wconf 84' lang='lat' dir='ltr'>quae</span> <span class='ocrx_word' id='word_1_493' title='bbox 1754 1926 1854 1957; x_wconf 88' lang='lat' dir='ltr'>omni-</span> 
     </span>
     <span class='ocr_line' id='line_1_63' title="bbox 1016 1969 1857 2015; baseline -0.005 -12"><span class='ocrx_word' id='word_1_494' title='bbox 1016 1972 1074 2003; x_wconf 89' lang='lat' dir='ltr'>bus</span> <span class='ocrx_word' id='word_1_495' title='bbox 1094 1973 1233 2015; x_wconf 80' lang='lat' dir='ltr'>exposita</span> <span class='ocrx_word' id='word_1_496' title='bbox 1252 1980 1340 2003; x_wconf 86' lang='lat' dir='ltr'>sunt:</span> <span class='ocrx_word' id='word_1_497' title='bbox 1365 1983 1426 2002; x_wconf 93' lang='lat' dir='ltr'>non</span> <span class='ocrx_word' id='word_1_498' title='bbox 1441 1978 1564 2013; x_wconf 86' lang='lat' dir='ltr'>oportet</span> <span class='ocrx_word' id='word_1_499' title='bbox 1586 1970 1669 2000; x_wconf 89' lang='lat' dir='ltr'>hunc</span> <span class='ocrx_word' id='word_1_500' title='bbox 1691 1969 1857 2000; x_wconf 83' lang='lat' dir='ltr'>necessaria</span> 
     </span>
     <span class='ocr_line' id='line_1_64' title="bbox 1015 2012 1855 2057; baseline -0.005 -11"><span class='ocrx_word' id='word_1_501' title='bbox 1015 2015 1082 2057; x_wconf 84' lang='lat' dir='ltr'>lege</span> <span class='ocrx_word' id='word_1_502' title='bbox 1098 2015 1183 2057; x_wconf 90' lang='lat' dir='ltr'>sequi</span> <span class='ocrx_word' id='word_1_503' title='bbox 1200 2015 1396 2057; x_wconf 81' lang='lat' dir='ltr'>supplicium.</span> <span class='ocrx_word' id='word_1_504' title='bbox 1428 2015 1498 2045; x_wconf 90' lang='lat' dir='ltr'>Non</span> <span class='ocrx_word' id='word_1_505' title='bbox 1515 2014 1609 2055; x_wconf 77' lang='lat' dir='ltr'>igitur</span> <span class='ocrx_word' id='word_1_506' title='bbox 1625 2012 1855 2043; x_wconf 88' lang='lat' dir='ltr'>concedendum</span> 
     </span>
     <span class='ocr_line' id='line_1_65' title="bbox 1015 2055 1854 2100; baseline -0.005 -11"><span class='ocrx_word' id='word_1_507' title='bbox 1015 2066 1060 2088; x_wconf 84' lang='lat' dir='ltr'>est</span> <span class='ocrx_word' id='word_1_508' title='bbox 1082 2059 1259 2089; x_wconf 82' lang='lat' dir='ltr'>universum</span> <span class='ocrx_word' id='word_1_509' title='bbox 1283 2058 1358 2100; x_wconf 84' lang='lat' dir='ltr'>pati.</span> <span class='ocrx_word' id='word_1_510' title='bbox 1404 2058 1498 2088; x_wconf 84' lang='lat' dir='ltr'>Forte</span> <span class='ocrx_word' id='word_1_511' title='bbox 1514 2068 1585 2087; x_wconf 86' lang='lat' dir='ltr'>vero</span> <span class='ocrx_word' id='word_1_512' title='bbox 1604 2055 1770 2098; x_wconf 83' lang='lat' dir='ltr'>principale</span> <span class='ocrx_word' id='word_1_513' title='bbox 1785 2055 1854 2097; x_wconf 89' lang='lat' dir='ltr'>qui-</span> 
     </span>
     <span class='ocr_line' id='line_1_66' title="bbox 1014 2098 1855 2143; baseline -0.004 -12"><span class='ocrx_word' id='word_1_514' title='bbox 1014 2101 1083 2131; x_wconf 86' lang='lat' dir='ltr'>dem</span> <span class='ocrx_word' id='word_1_515' title='bbox 1101 2101 1196 2143; x_wconf 88' lang='lat' dir='ltr'>ipsius</span> <span class='ocrx_word' id='word_1_516' title='bbox 1211 2101 1375 2132; x_wconf 88' lang='lat' dir='ltr'>dicendum</span> <span class='ocrx_word' id='word_1_517' title='bbox 1388 2108 1433 2130; x_wconf 87' lang='lat' dir='ltr'>est</span> <span class='ocrx_word' id='word_1_518' title='bbox 1444 2111 1553 2142; x_wconf 82' lang='lat' dir='ltr'>expers</span> <span class='ocrx_word' id='word_1_519' title='bbox 1568 2098 1692 2130; x_wconf 89' lang='lat' dir='ltr'>omnino</span> <span class='ocrx_word' id='word_1_520' title='bbox 1708 2098 1855 2140; x_wconf 82' lang='lat' dir='ltr'>passionis</span> 
     </span>
     <span class='ocr_line' id='line_1_67' title="bbox 1014 2141 1854 2185; baseline -0.005 -11"><span class='ocrx_word' id='word_1_521' title='bbox 1014 2144 1159 2174; x_wconf 84' lang='lat' dir='ltr'>existere:</span> <span class='ocrx_word' id='word_1_522' title='bbox 1184 2156 1255 2175; x_wconf 88' lang='lat' dir='ltr'>cum</span> <span class='ocrx_word' id='word_1_523' title='bbox 1270 2156 1343 2174; x_wconf 82' lang='lat' dir='ltr'>vero</span> <span class='ocrx_word' id='word_1_524' title='bbox 1358 2143 1511 2185; x_wconf 79' lang='lat' dir='ltr'>passiones</span> <span class='ocrx_word' id='word_1_525' title='bbox 1531 2143 1598 2184; x_wconf 77' lang='lat' dir='ltr'>ejus</span> <span class='ocrx_word' id='word_1_526' title='bbox 1620 2141 1759 2183; x_wconf 85' lang='lat' dir='ltr'>partibus</span> <span class='ocrx_word' id='word_1_527' title='bbox 1779 2141 1854 2171; x_wconf 89' lang='lat' dir='ltr'>infe-</span> 
     </span>
     <span class='ocr_line' id='line_1_68' title="bbox 1015 2185 1852 2228; baseline -0.004 -11"><span class='ocrx_word' id='word_1_528' title='bbox 1015 2195 1136 2225; x_wconf 87' lang='lat' dir='ltr'>runtur,</span> <span class='ocrx_word' id='word_1_529' title='bbox 1153 2187 1183 2217; x_wconf 88' lang='lat' dir='ltr'>in</span> <span class='ocrx_word' id='word_1_530' title='bbox 1200 2187 1257 2217; x_wconf 86' lang='lat' dir='ltr'>illis</span> <span class='ocrx_word' id='word_1_531' title='bbox 1272 2186 1396 2228; x_wconf 86' lang='lat' dir='ltr'>quidem</span> <span class='ocrx_word' id='word_1_532' title='bbox 1414 2185 1582 2228; x_wconf 85' lang='lat' dir='ltr'>passionem</span> <span class='ocrx_word' id='word_1_533' title='bbox 1599 2185 1695 2227; x_wconf 83' lang='lat' dir='ltr'>ipsam</span> <span class='ocrx_word' id='word_1_534' title='bbox 1716 2191 1829 2214; x_wconf 85' lang='lat' dir='ltr'>restare</span> <span class='ocrx_word' id='word_1_535' title='bbox 1845 2196 1852 2214; x_wconf 90' lang='grc'>·.</span> 
     </span>
     <span class='ocr_line' id='line_1_69' title="bbox 1013 2227 1851 2270; baseline -0.005 -10"><span class='ocrx_word' id='word_1_536' title='bbox 1013 2230 1065 2260; x_wconf 82' lang='lat' dir='ltr'>sed</span> <span class='ocrx_word' id='word_1_537' title='bbox 1082 2241 1151 2260; x_wconf 83' lang='lat' dir='ltr'>cum</span> <span class='ocrx_word' id='word_1_538' title='bbox 1176 2230 1251 2260; x_wconf 84' lang='lat' dir='ltr'>nihil</span> <span class='ocrx_word' id='word_1_539' title='bbox 1274 2229 1346 2259; x_wconf 84' lang='lat' dir='ltr'>huic</span> <span class='ocrx_word' id='word_1_540' title='bbox 1368 2228 1485 2259; x_wconf 84' lang='lat' dir='ltr'>accidat</span> <span class='ocrx_word' id='word_1_541' title='bbox 1508 2235 1619 2270; x_wconf 82' lang='lat' dir='ltr'>praeter</span> <span class='ocrx_word' id='word_1_542' title='bbox 1635 2235 1787 2263; x_wconf 85' lang='lat' dir='ltr'>naturam,</span> <span class='ocrx_word' id='word_1_543' title='bbox 1804 2227 1851 2268; x_wconf 88' lang='lat' dir='ltr'>ip-</span> 
     </span>
     <span class='ocr_line' id='line_1_70' title="bbox 1013 2269 1853 2314; baseline -0.005 -11"><span class='ocrx_word' id='word_1_544' title='bbox 1013 2284 1080 2303; x_wconf 87' lang='lat' dir='ltr'>sum</span> <span class='ocrx_word' id='word_1_545' title='bbox 1105 2273 1248 2303; x_wconf 90' lang='lat' dir='ltr'>nimirum</span> <span class='ocrx_word' id='word_1_546' title='bbox 1273 2273 1390 2314; x_wconf 85' lang='lat' dir='ltr'>absque</span> <span class='ocrx_word' id='word_1_547' title='bbox 1414 2271 1552 2313; x_wconf 81' lang='lat' dir='ltr'>passione</span> <span class='ocrx_word' id='word_1_548' title='bbox 1575 2282 1708 2308; x_wconf 87' lang='lat' dir='ltr'>manere,</span> <span class='ocrx_word' id='word_1_549' title='bbox 1728 2269 1853 2311; x_wconf 88' lang='lat' dir='ltr'>quando</span> 
     </span>
     <span class='ocr_line' id='line_1_71' title="bbox 1013 2313 1853 2358; baseline -0.005 -12"><span class='ocrx_word' id='word_1_550' title='bbox 1013 2323 1043 2346; x_wconf 86' lang='lat' dir='ltr'>et</span> <span class='ocrx_word' id='word_1_551' title='bbox 1059 2315 1162 2352; x_wconf 86' lang='lat' dir='ltr'>stellis,</span> <span class='ocrx_word' id='word_1_552' title='bbox 1176 2322 1327 2358; x_wconf 89' lang='lat' dir='ltr'>quantum</span> <span class='ocrx_word' id='word_1_553' title='bbox 1344 2322 1446 2357; x_wconf 82' lang='lat' dir='ltr'>partes</span> <span class='ocrx_word' id='word_1_554' title='bbox 1461 2314 1586 2356; x_wconf 87' lang='lat' dir='ltr'>quidem</span> <span class='ocrx_word' id='word_1_555' title='bbox 1604 2320 1686 2350; x_wconf 85' lang='lat' dir='ltr'>sunt,</span> <span class='ocrx_word' id='word_1_556' title='bbox 1699 2313 1853 2355; x_wconf 83' lang='lat' dir='ltr'>passiones</span> 
     </span>
     <span class='ocr_line' id='line_1_72' title="bbox 1013 2355 1852 2399; baseline -0.005 -10"><span class='ocrx_word' id='word_1_557' title='bbox 1013 2358 1174 2389; x_wconf 86' lang='lat' dir='ltr'>convenire</span> <span class='ocrx_word' id='word_1_558' title='bbox 1191 2359 1345 2396; x_wconf 86' lang='lat' dir='ltr'>videntur,</span> <span class='ocrx_word' id='word_1_559' title='bbox 1357 2358 1430 2399; x_wconf 81' lang='lat' dir='ltr'>ipsae</span> <span class='ocrx_word' id='word_1_560' title='bbox 1446 2365 1546 2388; x_wconf 86' lang='lat' dir='ltr'>tamen</span> <span class='ocrx_word' id='word_1_561' title='bbox 1562 2357 1725 2387; x_wconf 83' lang='lat' dir='ltr'>consistere</span> <span class='ocrx_word' id='word_1_562' title='bbox 1740 2355 1852 2397; x_wconf 82' lang='lat' dir='ltr'>passio-</span> 
     </span>
     <span class='ocr_line' id='line_1_73' title="bbox 1013 2399 1851 2444; baseline -0.006 -12"><span class='ocrx_word' id='word_1_563' title='bbox 1013 2401 1059 2432; x_wconf 88' lang='lat' dir='ltr'>nis</span> <span class='ocrx_word' id='word_1_564' title='bbox 1081 2409 1232 2444; x_wconf 84' lang='lat' dir='ltr'>expertes,</span> <span class='ocrx_word' id='word_1_565' title='bbox 1249 2409 1314 2432; x_wconf 91' lang='lat' dir='ltr'>tum</span> <span class='ocrx_word' id='word_1_566' title='bbox 1331 2401 1404 2443; x_wconf 87' lang='lat' dir='ltr'>quia</span> <span class='ocrx_word' id='word_1_567' title='bbox 1419 2400 1579 2431; x_wconf 80' lang='lat' dir='ltr'>electiones</span> <span class='ocrx_word' id='word_1_568' title='bbox 1595 2399 1637 2430; x_wconf 88' lang='lat' dir='ltr'>eis</span> <span class='ocrx_word' id='word_1_569' title='bbox 1651 2399 1767 2440; x_wconf 86' lang='lat' dir='ltr'>absque</span> <span class='ocrx_word' id='word_1_570' title='bbox 1782 2409 1851 2439; x_wconf 80' lang='lat' dir='ltr'>pas-</span> 
     </span>
     <span class='ocr_line' id='line_1_74' title="bbox 1013 2444 1851 2485; baseline -0.005 -11"><span class='ocrx_word' id='word_1_571' title='bbox 1013 2444 1149 2475; x_wconf 89' lang='lat' dir='ltr'>sionibus</span> <span class='ocrx_word' id='word_1_572' title='bbox 1179 2445 1294 2481; x_wconf 87' lang='lat' dir='ltr'>insunt,</span> <span class='ocrx_word' id='word_1_573' title='bbox 1320 2451 1350 2474; x_wconf 88' lang='lat' dir='ltr'>et</span> <span class='ocrx_word' id='word_1_574' title='bbox 1380 2455 1509 2485; x_wconf 89' lang='lat' dir='ltr'>corpora</span> <span class='ocrx_word' id='word_1_575' title='bbox 1537 2450 1718 2483; x_wconf 67' lang='lat' dir='ltr'>naturaeque</span> <span class='ocrx_word' id='word_1_576' title='bbox 1747 2451 1851 2471; x_wconf 87' lang='lat' dir='ltr'>earum</span> 
     </span>
     <span class='ocr_line' id='line_1_75' title="bbox 1014 2482 1850 2529; baseline -0.006 -12"><span class='ocrx_word' id='word_1_577' title='bbox 1014 2495 1085 2517; x_wconf 86' lang='lat' dir='ltr'>sunt</span> <span class='ocrx_word' id='word_1_578' title='bbox 1108 2487 1213 2529; x_wconf 85' lang='lat' dir='ltr'>procul</span> <span class='ocrx_word' id='word_1_579' title='bbox 1230 2499 1248 2518; x_wconf 89' lang='lat' dir='ltr'>a</span> <span class='ocrx_word' id='word_1_580' title='bbox 1263 2487 1463 2517; x_wconf 81' lang='lat' dir='ltr'>detrimento:</span> <span class='ocrx_word' id='word_1_581' title='bbox 1489 2494 1554 2517; x_wconf 91' lang='lat' dir='ltr'>tum</span> <span class='ocrx_word' id='word_1_582' title='bbox 1572 2485 1661 2516; x_wconf 86' lang='lat' dir='ltr'>etiam</span> <span class='ocrx_word' id='word_1_583' title='bbox 1679 2483 1762 2525; x_wconf 81' lang='lat' dir='ltr'>quia,</span> <span class='ocrx_word' id='word_1_584' title='bbox 1778 2490 1807 2513; x_wconf 87' lang='lat' dir='ltr'>et</span> <span class='ocrx_word' id='word_1_585' title='bbox 1828 2482 1850 2512; x_wconf 75' lang='lat' dir='ltr'>si</span> 
     </span>
     <span class='ocr_line' id='line_1_76' title="bbox 1012 2526 1849 2572; baseline -0.007 -12"><span class='ocrx_word' id='word_1_586' title='bbox 1012 2530 1088 2571; x_wconf 88' lang='lat' dir='ltr'>quid</span> <span class='ocrx_word' id='word_1_587' title='bbox 1112 2541 1167 2572; x_wconf 87' lang='lat' dir='ltr'>per</span> <span class='ocrx_word' id='word_1_588' title='bbox 1189 2530 1322 2560; x_wconf 82' lang='lat' dir='ltr'>animam</span> <span class='ocrx_word' id='word_1_589' title='bbox 1347 2541 1431 2560; x_wconf 89' lang='lat' dir='ltr'>suam</span> <span class='ocrx_word' id='word_1_590' title='bbox 1455 2529 1495 2559; x_wconf 89' lang='lat' dir='ltr'>ad</span> <span class='ocrx_word' id='word_1_591' title='bbox 1518 2528 1661 2559; x_wconf 87' lang='lat' dir='ltr'>inferiora</span> <span class='ocrx_word' id='word_1_592' title='bbox 1678 2526 1849 2561; x_wconf 84' lang='lat' dir='ltr'>traducant,</span> 
     </span>
     <span class='ocr_line' id='line_1_77' title="bbox 1012 2568 1849 2612; baseline -0.008 -9"><span class='ocrx_word' id='word_1_593' title='bbox 1012 2572 1114 2603; x_wconf 82' lang='lat' dir='ltr'>anima</span> <span class='ocrx_word' id='word_1_594' title='bbox 1136 2573 1256 2603; x_wconf 86' lang='lat' dir='ltr'>interim</span> <span class='ocrx_word' id='word_1_595' title='bbox 1281 2583 1341 2602; x_wconf 87' lang='lat' dir='ltr'>non</span> <span class='ocrx_word' id='word_1_596' title='bbox 1364 2571 1525 2609; x_wconf 87' lang='lat' dir='ltr'>minuitur,</span> <span class='ocrx_word' id='word_1_597' title='bbox 1542 2581 1730 2612; x_wconf 82' lang='lat' dir='ltr'>corporaque</span> <span class='ocrx_word' id='word_1_598' title='bbox 1746 2568 1849 2598; x_wconf 86' lang='lat' dir='ltr'>eadem</span> 
     </span>
     <span class='ocr_line' id='line_1_78' title="bbox 1013 2611 1850 2661; baseline -0.01 -16"><span class='ocrx_word' id='word_1_599' title='bbox 1013 2622 1225 2661; x_wconf 84' lang='lat' dir='ltr'>perseverant:</span> <span class='ocrx_word' id='word_1_600' title='bbox 1254 2627 1289 2645; x_wconf 89' lang='lat' dir='ltr'>ac</span> <span class='ocrx_word' id='word_1_601' title='bbox 1312 2615 1335 2644; x_wconf 87' lang='lat' dir='ltr'>si</span> <span class='ocrx_word' id='word_1_602' title='bbox 1359 2614 1434 2655; x_wconf 87' lang='lat' dir='ltr'>quid</span> <span class='ocrx_word' id='word_1_603' title='bbox 1458 2614 1530 2644; x_wconf 86' lang='lat' dir='ltr'>inde</span> <span class='ocrx_word' id='word_1_604' title='bbox 1553 2611 1737 2647; x_wconf 88' lang='lat' dir='ltr'>subterfluit,</span> <span class='ocrx_word' id='word_1_605' title='bbox 1762 2619 1850 2639; x_wconf 79' lang='lat' dir='ltr'>sensu</span> 
     </span>
    </p>
   </div>
   <div class='ocr_carea' id='block_1_18' title="bbox 135 2650 1851 2740">
    <p class='ocr_par' dir='ltr' id='par_1_18' title="bbox 135 2650 1851 2740">
     <span class='ocr_line' id='line_1_79' title="bbox 135 2650 1851 2703; baseline -0.004 -17"><span class='ocrx_word' id='word_1_606' title='bbox 135 2663 249 2703; x_wconf 76' lang='lat' dir='ltr'>cogunt</span> <span class='ocrx_word' id='word_1_607' title='bbox 265 2667 327 2686; x_wconf 80' lang='lat' dir='ltr'>suae</span> <span class='ocrx_word' id='word_1_608' title='bbox 344 2655 465 2685; x_wconf 87' lang='lat' dir='ltr'>virtutis</span> <span class='ocrx_word' id='word_1_609' title='bbox 485 2653 600 2695; x_wconf 85' lang='lat' dir='ltr'>aliquid</span> <span class='ocrx_word' id='word_1_610' title='bbox 622 2653 784 2694; x_wconf 86' lang='lat' dir='ltr'>impartiri.</span> <span class='ocrx_word' id='word_1_611' title='bbox 830 2654 973 2687; x_wconf 88' lang='lat' dir='ltr'>Similiter</span> <span class='ocrx_word' id='word_1_612' title='bbox 1016 2657 1137 2687; x_wconf 87' lang='lat' dir='ltr'>mterim</span> <span class='ocrx_word' id='word_1_613' title='bbox 1160 2669 1220 2688; x_wconf 90' lang='lat' dir='ltr'>non</span> <span class='ocrx_word' id='word_1_614' title='bbox 1245 2657 1423 2687; x_wconf 85' lang='lat' dir='ltr'>advertente</span> <span class='ocrx_word' id='word_1_615' title='bbox 1440 2656 1604 2693; x_wconf 88' lang='lat' dir='ltr'>delabitur,</span> <span class='ocrx_word' id='word_1_616' title='bbox 1621 2662 1650 2685; x_wconf 89' lang='lat' dir='ltr'>et</span> <span class='ocrx_word' id='word_1_617' title='bbox 1667 2654 1689 2684; x_wconf 86' lang='lat' dir='ltr'>si</span> <span class='ocrx_word' id='word_1_618' title='bbox 1705 2651 1778 2694; x_wconf 87' lang='lat' dir='ltr'>quid</span> <span class='ocrx_word' id='word_1_619' title='bbox 1795 2650 1851 2680; x_wconf 87' lang='lat' dir='ltr'>illis</span> 
     </span>
     <span class='ocr_line' id='line_1_80' title="bbox 136 2695 1513 2740; baseline 0 -12"><span class='ocrx_word' id='word_1_620' title='bbox 136 2709 312 2729; x_wconf 85' lang='lat' dir='ltr'>universum</span> <span class='ocrx_word' id='word_1_621' title='bbox 333 2697 373 2729; x_wconf 89' lang='lat' dir='ltr'>ad</span> <span class='ocrx_word' id='word_1_622' title='bbox 396 2704 497 2740; x_wconf 84' lang='lat' dir='ltr'>partes</span> <span class='ocrx_word' id='word_1_623' title='bbox 513 2704 579 2727; x_wconf 80' lang='lat' dir='ltr'>tuni</span> <span class='ocrx_word' id='word_1_624' title='bbox 595 2708 632 2727; x_wconf 83' lang='lat' dir='ltr'>cx</span> <span class='ocrx_word' id='word_1_625' title='bbox 650 2708 680 2727; x_wconf 89' lang='lat' dir='ltr'>se</span> <span class='ocrx_word' id='word_1_626' title='bbox 695 2695 762 2738; x_wconf 87' lang='lat' dir='ltr'>ipso</span> <span class='ocrx_word' id='word_1_627' title='bbox 776 2708 903 2728; x_wconf 87' lang='lat' dir='ltr'>munera</span> <span class='ocrx_word' id='word_1_628' title='bbox 919 2709 975 2729; x_wconf 87' lang='lat' dir='ltr'>sua</span> <span class='ocrx_word' id='word_1_629' title='bbox 1017 2699 1144 2737; x_wconf 85' lang='lat' dir='ltr'>accedit,</span> <span class='ocrx_word' id='word_1_630' title='bbox 1161 2699 1238 2730; x_wconf 86' lang='lat' dir='ltr'>clam</span> <span class='ocrx_word' id='word_1_631' title='bbox 1255 2699 1391 2730; x_wconf 85' lang='lat' dir='ltr'>similiter</span> <span class='ocrx_word' id='word_1_632' title='bbox 1406 2698 1513 2729; x_wconf 86' lang='lat' dir='ltr'>affluit.</span> 
     </span>
    </p>
   </div>
   <div class='ocr_carea' id='block_1_19' title="bbox 1069 2751 1139 2780">
    <p class='ocr_par' dir='ltr' id='par_1_19' title="bbox 1069 2751 1139 2780">
     <span class='ocr_line' id='line_1_81' title="bbox 1069 2751 1139 2780; baseline 0 0"><span class='ocrx_word' id='word_1_633' title='bbox 1069 2751 1139 2780; x_wconf 88' lang='lat' dir='ltr'>U2</span> 
     </span>
    </p>
   </div>
  </div>
 </body>
</html>
