2102 3015
582 351 1072 406 ΝΙΚΗΦΟΡΟΥ
1132 352 1541 407 ΧΟΥΜΝΟΥ

990 480 1054 502 ΤΟΥ
1075 480 1130 502 ΚΑΙ

399 578 752 619 ΝΑΘΑΝΑΗΛ
788 578 910 618 TO'r
945 579 1255 620 MONAXOT
1291 578 1713 620 ΑΝΤΙΘΕΤΙΚΟΣ

688 702 913 761 ΠΡΟΣ
961 706 1430 759 ΠΛΩΤΙΝΟΝ.

868 940 1249 982 PROOEMIUM.

198 1009 329 1066 CUM
351 1029 551 1063 Plotiniano
569 1028 659 1062 libro
677 1029 719 1062 de
739 1028 982 1063 Pulcritudine
1009 1031 1062 1064 ed.
1083 1031 1307 1078 Heidelberg.
1335 1043 1414 1065 ann.
1435 1030 1710 1065 MDCCCXIV.
1738 1042 1818 1077 pag.
1839 1033 1921 1068 395.

194 1089 288 1123 hunc
306 1088 463 1122 libellum
482 1099 524 1121 ex
543 1087 629 1121 Cod.
646 1086 910 1121 vindobonensi
930 1087 1013 1131 (vid.
1032 1088 1195 1124 Lambec.
1210 1089 1296 1124 VII.
1315 1101 1349 1134 p.
1369 1091 1451 1123 553.
1470 1089 1523 1122 ed.
1541 1088 1691 1134 Kollar.)
1710 1088 1864 1133 itemque
1882 1100 1925 1121 ex

195 1147 368 1181 Vaticano
386 1158 439 1180 nr.
457 1148 562 1182 1374.
582 1145 737 1190 primum
755 1150 790 1178 et
814 1146 928 1180 adhuc
952 1146 1123 1181 ineditum
1151 1148 1349 1193 adjicerem,
1367 1159 1429 1191 per
1447 1147 1611 1193 ambages
1638 1151 1673 1180 et
1699 1147 1926 1192 conjectando

195 1204 230 1238 id
248 1205 388 1238 tandem
413 1208 591 1237 assecutus
615 1215 722 1243 eram,
741 1208 782 1236 ut
805 1215 869 1247 pro
887 1209 981 1238 certo
1005 1205 1234 1249 pronuntiare
1260 1217 1408 1249 possem,
1427 1205 1527 1238 illum
1547 1204 1740 1249 Nicephori
1758 1205 1924 1244 Chumni,

194 1262 266 1296 sive
286 1261 517 1295 Nathanaelis
545 1273 628 1294 esse.
681 1261 724 1295 In
748 1273 817 1306 quo
839 1262 1018 1306 prooemio,
1038 1263 1091 1297 uti
1109 1275 1174 1308 par
1191 1269 1276 1303 erat,
1295 1263 1473 1297 dilaudavi
1491 1263 1668 1309 egregiam
1688 1274 1800 1308 opem,
1819 1274 1925 1307 quam

195 1332 235 1354 ea
260 1320 297 1353 in
325 1331 429 1353 causa
454 1319 667 1363 praestiterat
692 1319 933 1364 Hieronymus
956 1320 1134 1361 Amatius,
1153 1321 1209 1355 cui
1235 1321 1341 1355 etiam
1361 1321 1550 1355 Vaticanas
1577 1320 1741 1354 lectiones
1768 1325 1925 1364 acceptas

195 1379 318 1412 refero.
349 1378 452 1410 Nunc
470 1378 611 1421 quando
629 1377 758 1410 iterum
777 1376 936 1411 editurus
955 1390 1032 1412 sum
1053 1379 1140 1412 illud
1159 1381 1365 1424 opusculum
1385 1380 1522 1424 adjecta
1539 1378 1637 1412 varia
1654 1378 1802 1412 lectione
1821 1378 1925 1412 Codi-

194 1437 242 1471 cis
262 1435 415 1469 Parisini
435 1435 551 1481 Regii,
569 1446 676 1479 quam
702 1446 838 1468 mecum
865 1437 1136 1471 communicavit
1161 1438 1217 1471 Jo.
1234 1437 1293 1470 Fr.
1310 1437 1561 1471 Boissonadius
1580 1436 1624 1470 V.
1645 1436 1697 1470 Cl.
1725 1436 1785 1481 qui
1813 1448 1925 1480 nuper

195 1495 384 1529 admodum
411 1494 498 1527 duos
526 1493 611 1527 alios
638 1493 772 1527 libellos
799 1494 955 1539 ejusdem
983 1494 1174 1538 Nicephori
1200 1495 1310 1528 edidit
1337 1494 1389 1537 (in
1416 1494 1608 1528 Anecdotis
1635 1493 1770 1528 Graecis
1795 1494 1875 1528 Vol.
1895 1494 1924 1529 Ι.

194 1564 228 1596 p.
249 1555 330 1589 293.
350 1553 462 1595 sqq.):
489 1551 653 1595 putidum
678 1556 712 1584 et
736 1551 943 1585 Lectoribus
970 1553 1156 1585 molestum
1183 1552 1240 1592 sit,
1258 1552 1288 1585 si
1315 1553 1459 1585 eandem
1487 1553 1592 1585 telam
1619 1564 1741 1586 rursus
1768 1557 1924 1586 retexere

195 1611 310 1643 velim.
338 1610 561 1653 Quapropter
575 1621 668 1642 nunc
682 1609 825 1653 quidem
844 1609 880 1642 in
899 1621 939 1642 eo
957 1621 1012 1642 me
1031 1609 1203 1649 contineo,
1217 1615 1257 1643 ut
1275 1622 1386 1654 pauca
1405 1610 1517 1643 dicam
1536 1609 1691 1653 primum
1710 1610 1752 1643 de
1770 1610 1922 1649 homine,

195 1667 320 1701 deinde
344 1668 386 1700 de
410 1668 485 1712 ejus
512 1667 662 1711 scriptis,
682 1672 758 1700 tum
784 1668 826 1701 de
853 1668 959 1712 hujus
986 1666 1095 1700 libelli
1120 1667 1419 1712 inscriptionibus,
1438 1667 1685 1706 mentionibus‚
1704 1672 1922 1713 argumento.

196 1725 312 1772 Igitur
331 1725 366 1758 N
369 1725 551 1769 icephorus
570 1725 755 1759 Chumnus
774 1725 844 1759 fuit
863 1725 1056 1759 Praefectus
1076 1725 1255 1759 Canicleol
1279 1731 1314 1759 et
1340 1738 1457 1759 rerum
1484 1730 1607 1769 potens
1634 1725 1699 1758 sub
1718 1725 1922 1758 Andronico

1733 1783 1832 1817 Illius
1850 1783 1923 1816 filia

196 1841 297 1875 Irene
321 1841 442 1885 nupsit
462 1842 569 1887 hujus
587 1841 659 1874 filio
676 1841 807 1874 Joanni
828 1838 1047 1885 Palaeolog02
1064 1840 1125 1884 qui
1145 1846 1262 1875 tamen
1281 1841 1512 1885 quadriennio
1539 1846 1618 1885 post
1644 1841 1719 1875 sine
1746 1843 1841 1885 prole
1868 1846 1919 1875 est

196 1784 330 1817 seniore
349 1784 560 1830 Palaeolog0‚
579 1783 640 1828 qui
667 1783 828 1828 regnavit
854 1783 898 1816 ab
924 1795 955 1815 a.
977 1784 1083 1815 1282.
1108 1784 1151 1816 ad
1177 1786 1282 1823 1332,
1302 1785 1354 1817 vel
1373 1784 1490 1827 potius
1508 1784 1552 1816 ad
1574 1786 1679 1817 1328.

230 1939 238 1960 ¹
255 1941 284 1967 ‘O
300 1941 342 1967 ἐπὶ
356 1942 400 1967 τοῦ
415 1942 563 1971 κτινικλειόυ,
576 1941 635 1968 sive
650 1943 663 1967 ὁ
679 1942 834 1973 Κανίκλειος,
850 1951 871 1968 s.
884 1943 897 1967 ὁ
913 1943 1037 1975 κιινικλῆς,

195 1993 216 2009 s.
232 1983 246 2007 ὁ
260 1982 413 2012 κανικλείων,
430 1981 448 2008 i.
459 1991 484 2008 e.
497 1981 545 2018 qui
559 1981 728 2018 Imperatori
744 1987 803 2009 erat
819 1982 854 2009 ab
868 1987 1037 2015 atramento,

195 2032 252 2058 quo
267 2021 396 2058 puniceis
415 2021 623 2048 characteribus
645 2021 734 2049 literae
757 2022 850 2049 edicta
869 2027 922 2049 cet.
938 2022 1037 2059 pinge-

196 2062 309 2089 bantur.
342 2060 410 2088 Vid.
427 2061 526 2097 Cangii
543 2061 666 2089 Glossar.
682 2062 756 2089 med.
773 2068 801 2089 et
817 2062 904 2089 intim.
921 2062 1036 2089 Grzecit.

197 2112 225 2139 p.
243 2110 311 2138 574.
334 2101 398 2128 coll.
421 2101 582 2139 Appendic.
606 2112 696 2139 1³·91-
720 2102 764 2130 ed.
781 2103 874 2140 Lugd.
906 2102 1036 2130 Salmasii

199 2142 339 2169 Exercitt.
357 2141 452 2168 Plinn.
470 2151 496 2179 p.
510 2151 577 2177 374.
608 2142 681 2169 LA.
696 2142 817 2170 Fabricii
836 2143 973 2170 Biblioth.
985 2143 1036 2170 Gr.

197 2188 225 2210 et
241 2182 383 2220 praecipue
394 2181 442 2218 qui
458 2188 587 2209 accurate
603 2181 637 2209 de
653 2182 730 2210 illius
744 2183 821 2210 tituli
836 2183 994 2220 originibus
1008 2189 1037 2211 et

197 2222 296 2249 formis
317 2221 385 2259 egit,
401 2221 556 2249 Adamant.
574 2222 701 2259 C‹›ra}²us
715 2222 750 2250 ad
766 2223 948 2251 Theodorum
966 2223 1036 2251 Pro-

198 2262 287 2290 drom.
305 2272 346 2289 vs.
360 2270 426 2298 597.
443 2261 471 2288 in
485 2261 615 2289 Ἀτάκτοις
630 2261 711 2289 Tom.
725 2263 747 2290 I.
764 2274 791 2301 p.
806 2273 872 2299 320.
886 2274 927 2301 sq.

230 2301 243 2322 2
259 2302 327 2329 Vid.
344 2302 444 2329 Franc.
460 2302 627 2329 Boissonad.
644 2308 739 2329 annot.
756 2303 783 2330 in
797 2304 940 2331 Theodori
959 2304 1036 2335 Hvr-

196 2342 288 2370 taceni
306 2342 473 2369 Monodiam
489 2342 517 2368 in
534 2342 729 2380 Nicephorum
747 2344 865 2381 Gregoi'.
881 2344 951 2372 VII.
970 2337 996 2380 7:
1009 2352 1035 2380 5.

197 2389 224 2410 et
243 2382 346 2409 Boivin
361 2381 395 2409 ad
411 2392 475 2409 enm
492 2392 518 2419 p.
536 2391 598 2418 147.
637 2382 722 2409 Addo
738 2383 795 2410 hacc
810 2394 844 2410 ex
862 2384 1036 2415 Pachvmere

199 2423 254 2450 ΙΙΙ.
271 2431 298 2458 5.
314 2423 363 2459 qui
380 2422 418 2449 ita
432 2422 467 2449 de
482 2422 665 2449 Andronico:
690 2424 736 2449 Καὶ
754 2427 841 2458 πρῶτα
861 2427 906 2458 μὲν
926 2417 961 2461 rig,
981 2427 1034 2461 υἱῲ.

196 2463 297 2496 Ἰωάννῃ
320 2465 358 2489 καὶ
378 2465 497 2496 Δεσπότῃ
517 2465 585 2489 τελεῖ
604 2464 663 2489 τοὺς
680 2464 784 2497 γάμηυς.
818 2466 865 2490 Καὶ
883 2468 912 2498 τῇ
932 2467 973 2491 ἐπὶ
990 2468 1036 2491 τοῦ

901 2507 1035 2515 ,,,,,

197 2547 232 2580 τῷ
246 2546 385 2579 Κρατοῦντι
400 2544 570 2578 διαφερόντως
585 2545 714 2577 δόξαντος,
725 2546 774 2579 πρὸ
788 2547 873 2579 καιροῦ
888 2548 986 2579 μνηστῇ
1001 2549 1036 2583 τῷ

197 2585 298 2618 Ἰωάννῃ
320 2586 348 2618 ἐξ
369 2585 510 2619 {epoho-ylas-
527 2587 601 2617 οὔσῃ,
617 2585 764 2615 βασίλισσα
779 2587 912 2619 Δεσπότην
927 2587 961 2613 εἷς
976 2588 1034 2612 ταύ-

198 2626 242 2651 τὸν
255 2627 300 2651 τὸν
314 2627 367 2651 υἱὸν
381 2625 436 2660 [lyei.
451 2625 489 2650 καὶ
504 2625 544 2650 διὰ
559 2626 653 2659 γάμων,
689 2624 734 2651 ('f.
754 2624 793 2651 L(-
811 2625 888 2652 Bran
906 2625 1035 2654 Histoire

198 2664 236 2691 du
253 2664 445 2702 Bas-Empire
460 2663 611 2692 continuee
628 2674 677 2701 par
690 2664 843 2691 Ameilhon
860 2665 914 2692 vol.
925 2666 1034 2694 XXIII.

199 2704 279 2742 chap.
293 2705 377 2732 CIII.
391 2708 412 2739 ξ.
424 2712 470 2741 51.
483 2714 510 2742 p.
523 2714 589 2732 222.
602 2704 860 2742 ‹2tcl1ap.(¹1V.§.
874 2714 918 2741 27.
932 2716 957 2743 p.
968 2715 1034 2742 314.

198 2744 318 2772 Mortuo
343 2745 456 2773 Joanne
482 2745 631 2772 Chumnus
657 2744 692 2772 ad
717 2744 803 2772 filiam
830 2755 909 2773 suam
932 2746 1035 2774 Irenen

1080 1941 1206 1979 itemque
1221 1941 1256 1969 ad
1268 1941 1467 1969 Andronicum
1480 1941 1684 1979 Imperatorem
1698 1941 1840 1968 orationes
1856 1951 1922 1969 con-

1080 1981 1227 2009 solatorias
1255 1982 1378 2020 scripsit.
1405 1991 1496 2019 nuper
1521 1981 1611 2009 editas
1636 1992 1652 2009 a
1678 1981 1866 2009 Boissonadio
1892 1981 1920 2008 in

1080 2021 1235 2049 Anecdott.
1254 2022 1319 2049 Grr.
1341 2022 1364 2049 I.
1382 2032 1409 2059 p.
1427 2031 1493 2057 203.
1510 2032 1568 2059 sqq.
1612 2021 1687 2049 Filia
1709 2027 1804 2049 autem
1827 2021 1920 2049 vidui-

1079 2066 1167 2089 tatem
1183 2063 1211 2089 in
1226 2062 1397 2090 monasterio
1413 2062 1551 2099 transegit
1572 2067 1734 2100 permutato
1750 2062 1848 2089 Irenes
1869 2073 1920 2089 no-

1079 2102 1155 2129 mine
1180 2112 1243 2130 cum
1274 2103 1387 2130 nomine
1414 2102 1545 2140 Eulogiae
1574 2102 1731 2138 (Theodor.
1760 2102 1919 2140 Hyrtacen.

1083 2142 1191 2170 Monod
1216 2143 1250 2170 de
1267 2143 1400 2170 Chumno
1415 2153 1442 2180 p.
1459 2143 1523 2179 287.
1539 2143 1576 2170 cf.
1594 2153 1620 2180 p.
1636 2144 1701 2170 282.
1724 2142 1768 2170 ed.
1785 2142 1919 2170 Boisson-

1079 2182 1138 2220 ad.)
1183 2183 1295 2210 Habuit
1318 2188 1345 2210 et
1368 2183 1427 2221 ipse
1450 2183 1600 2211 Chumnus
1622 2183 1712 2210 filium
1728 2183 1868 2210 Joannem
1891 2189 1919 2210 et

1078 2223 1174 2260 plures
1197 2223 1275 2250 alios.
1320 2223 1478 2260 Utriusque
1502 2229 1531 2251 et
1556 2223 1645 2261 patris
1669 2228 1699 2251 et
1726 2223 1776 2250 filii
1799 2223 1919 2250 Joannis

1078 2263 1213 2301 epistolas
1228 2264 1358 2291 editurus
1373 2269 1415 2291 est
1432 2263 1598 2291 Boissonad.
1615 2274 1697 2301 quem
1719 2262 1834 2291 consule
1857 2273 1919 2300 pag.

1080 2313 1147 2340 299.
1163 2310 1191 2332 et
1207 2315 1233 2342 p.
1250 2314 1315 2339 290,
1333 2304 1379 2331 ubi
1396 2304 1567 2337 humaniter,
1584 2304 1625 2331 uti
1642 2303 1745 2331 assolet
1761 2303 1802 2330 vir
1817 2303 1918 2330 huma-

1078 2345 1221 2376 nissimus,
1238 2355 1359 2372 errorem
1382 2354 1475 2371 meum
1497 2344 1628 2375 correxit,
1647 2344 1675 2371 in
1690 2354 1773 2380 quein
1790 2353 1824 2371 ex
1840 2349 1920 2381 parte

1078 2390 1188 2411 tantum
1205 2395 1249 2412 me
1265 2390 1390 2412 traxerat
1406 2384 1540 2421 Cangius.
1570 2386 1681 2412 Auctor
1694 2383 1871 2421 Appendicis
1886 2384 1921 2411 ad

1079 2426 1204 2452 Caveum
1227 2425 1262 2452 de
1285 2425 1437 2463 Scriptorr.
1460 2425 1668 2452 Ecclesiasticc.
1691 2424 1726 2452 ad
1748 2434 1813 2451 ann.
1836 2432 1918 2459 ¹320-

1080 2466 1120 2503 (p.
1139 2474 1184 2499 24.
1208 2465 1251 2492 ed.
1268 2465 1438 2500 Oxoniens.)
1484 2465 1647 2492 Chumnum
1671 2464 1762 2502 patria
1781 2464 1919 2500 Byzanti-

1078 2515 1144 2532 num
1162 2506 1250 2533 fuisse
1265 2506 1428 2538 arbitratur,
1445 2515 1567 2542 eumque
1583 2505 1651 2532 dicit
1672 2505 1756 2531 etiam
1773 2503 1918 2531 custodem

1077 2546 1174 2573 annuli
1198 2546 1372 2584 imperatorii
1395 2551 1423 2573 et
1446 2551 1543 2583 postea
1569 2555 1701 2582 magnum
1728 2543 1919 2580 stratopedar-

1077 2586 1155 2613 cham
1180 2586 1277 2617 fuisse,
1294 2591 1322 2613 et
1344 2586 1541 2623 prwfecturaun
1559 2583 1766 2612 'l‘lwssalonicw
1789 2583 1920 2611 habuisse

1077 2626 1201 2654 addens:
1235 2626 1415 2660 “Quamdiu
1440 2625 1511 2652 vixit
1535 2625 1673 2652 incertum
1700 2624 1769 2650 ests
1812 2623 1919 2651 Nescio

1078 2676 1153 2698 vero,
1171 2677 1220 2694 cur
1240 2666 1441 2694 Boissonndius
1456 2665 1475 2692 l.
1489 2664 1506 2692 l.
1523 2675 1549 2702 p.
1564 2665 1629 2700 306.
1652 2664 1792 2691 ‚Ioannem
1811 2663 1918 2691 Palico-

1077 2705 1173 2742 logum
1197 2717 1271 2733 anno
1291 2715 1373 2742 1304.
1396 2705 1499 2732 obiisse
1521 2705 1606 2737 dicat,
1627 2714 1710 2741 quem
1733 2703 1780 2730 alii
1803 2703 1917 2731 demum

1077 2756 1102 2773 a.
1116 2741 1208 2774 1308.
