2102 3015
807 170 945 207 ΠΡΟΣ
976 171 1262 209 ΠΛΩΤΙΝΟΝ.
1802 184 1900 223 1425

167 272 204 312 δὲ
225 273 347 322 νόησις
366 275 466 321 οὖσα,
485 274 624 314 εἰκότως
643 273 686 312 ἂν
706 291 760 312 και
781 273 933 324 ἐνεργεια
951 276 1072 325 ψυχῆς
1091 274 1154 322 εἴη·
1187 276 1227 312 οὐ
1247 276 1300 312 δεῖ
1322 275 1357 313 δὲ
1378 275 1430 325 (δὲ
1454 291 1535 316 11011
1558 283 1785 329 ammscunt
1804 277 1896 316 Vat.

166 337 208 369 et
230 330 336 383 Pal.)
356 329 496 370 πάντως
515 331 605 378 ἡμᾶς
625 328 702 368 οὐδὲ
727 328 858 377 ταύτην
878 329 1061 379 νομίζειν
1045 328 1112 367 υπὸ
1132 328 1244 377 λήθης
1263 331 1447 381 ἐφθάρθαι,
1467 333 1536 370 οὐδ
1559 334 1602 370 αὖ
1622 335 1822 383 φθαρεῖσαν
1841 349 1897 370 και

165 386 383 424 ἐκλιποῦσαν
408 386 506 426 αὖθις
531 402 652 434 ωσπερ
671 385 917 431 ἁναβιώσκειν.
949 401 1021 423 επει
1046 384 1134 433 μηδε
1155 384 1219 433 (μὴ
1240 384 1275 423 δὲ
1300 385 1420 425 Villd.
1445 394 1486 426 et
1513 388 1597 426 Pal.
1605 389 1617 434 )
1638 386 1738 456 ψυχὴ
1761 386 1894 449 [τοῦτ]

164 441 200 478 ἐν
226 440 351 481 ἄλλοις
370 440 510 492 φθορὰν
537 441 664 479 ἔπαθεν
692 441 762 479 οὐδ’
783 441 822 478 οὐ
850 457 985 488 μηποτε
1012 439 1142 490 πάθῃ
1129 438 1251 478 (πάθοι
1270 440 1395 479 Vind.
1417 450 1458 481 et
1480 443 1570 482 Pm.
1577 444 1646 488 >ἐκ
1672 443 1735 490 μὲν
1761 449 1822 481 οὐν
1847 447 1895 481 ὡν

164 495 268 536 αὐτὸς
287 497 461 565 ὑποτίθης,
482 514 538 535 και
558 497 648 534 τοῦτ’
669 497 766 534 ἐστὶν
785 495 863 547 ἐξ’
843 494 997 545 ανάγκης
1015 496 1258 562 συμβαΐνρν,’
1241 513 1278 533 εκ
1298 496 1326 533 δ’
1348 494 1397 534 ὧν
1416 497 1510 544 ημεῖς
1531 497 1657 549 φαμὲν,
1677 500 1783 536 ἐκεῖνο
1802 502 1895 545 μᾶλ-

163 556 229 589 λον
255 549 298 589 ἂν
321 551 371 600 εἴη
396 552 432 590 εὖ
456 552 555 599 μάλα
584 569 640 589 και
669 555 787 591 καλῶς
815 551 1114 600 ἀποδεδειγμενον,
1133 550 1220 599 μήτε
1246 550 1409 599 δηλονότι
1433 554 1603 600 μηδεμίαν
1629 553 1752 601 νόησιν
1774 556 1894 604 ψυχῆς

163 607 275 644 οὖσαν
297 607 470 657 ἐνεργειαν
489 608 596 655 αὐτῆς
614 606 862 657 ἀπεῤῥυηκεναι
881 606 959 673 μήτ’
980 605 1179 654 επιστήμην
1198 607 1482 656 συναποῤῥυῆναι
1502 609 1573 652 (sic
1594 608 1685 647 Vnt.
1707 615 1748 648 et
1770 609 1892 648 Vind.

161 675 286 714 marg.
307 663 348 701 in
371 669 486 702 textu
510 661 841 712 συνεποῤῥυηκεναι)
862 662 971 713 ταύτῃ
990 665 1047 700 καὶ
1072 661 1292 713 διεφθάρθαι.
1325 662 1407 699 ἀλλ’
1430 661 1507 700 οὐδὲ
1524 663 1608 701 ποτὲ
1627 664 1690 711 μὲν
1709 666 1831 702 ἐνεῖναι
1850 667 1893 715 τῆ

160 720 274 769 ψυχῇ,
293 717 378 756 ποτὲ
404 717 439 756 δὲ
465 717 513 765 μὴ
540 716 634 763 εἶναι,
655 721 717 755 τοῦ
736 721 863 756 λοιποῦ
882 716 952 767 γὰρ
971 717 1058 768 §hou
1083 722 1186 755 τοῦτο
1212 717 1368 755 δεκτικὸν
1386 716 1450 765 μὲν
1469 717 1664 766 ἐπιστήμης
1683 719 1766 757 αὐτὸ
1785 737 1889 768 γεγε-

160 774 300 820 νῆσθαι,
324 775 386 820 τῆς
408 775 528 824 ψυχῆς
557 773 704 821 ε’νιείσης
732 774 788 811 καὶ
816 773 1046 821 μεταδούσης,
1066 773 1163 812 αὖθις
1191 774 1219 810 δ’
1240 772 1490 818 ἀποβαλέσθαι
1518 774 1754 820 (ἀποβαλέσθ
1778 775 1889 825 Vat.)

159 828 406 873 ἀναβαλέσθαι
424 845 460 866 τε
480 829 577 868 αὖθις
596 829 653 866 καὶ
672 829 778 878 χωρὶς
797 829 903 877 αὐτῆς
923 829 1020 868 αὖθις
1038 831 1161 876 μεῖναι,
1180 829 1237 866 καὶ
1256 832 1360 866 τοῦτο
1378 827 1568 868 πολλάκις·
1600 827 1618 866 ὃ
1641 828 1683 876 δὴ
1701 829 1814 870 πάθος
1835 833 1890 868 καὶ

158 884 213 921 ἐπὶ
232 887 294 921 τοῦ
316 883 550 932 (articulum
572 898 655 922 non
675 890 903 936 agnoscunt
925 884 1015 923 Vat.
1037 891 1078 923 et
1099 883 1203 936 Par.)
1225 884 1349 924 ὕδατος
1369 884 1514 933 ὁρῶμεν,
1533 886 1677 935 ψυχροῦ
1699 883 1762 931 μὲν
1781 885 1890 927 ὄντος.

158 939 195 976 ἐκ
222 938 257 976 δὲ
282 937 392 989 πυρὸς
412 939 682 989 θερμαινομένου
705 937 764 977 εἶθ’
786 938 871 989 ὅπερ
891 937 934 987 ἦν
952 938 1063 978 πάλιν
1081 941 1224 990 ψυχροῦ
1246 938 1444 988 γεγονότος,
1463 938 1565 991 ψυχὴ
1585 939 1621 977 δὲ
1646 941 1720 977 κατ’
1738 940 1887 988 ἐπιστή-

157 1011 227 1042 μην
251 995 307 1032 καὶ
331 999 412 1032 νοῦν
437 993 536 1032 οὐδὲν
560 993 602 1032 ἂν
628 998 785 1033 τοιοῦτον
808 994 926 1040 πάθοι,
946 994 998 1033 ὅτι
1018 994 1104 1042 μηδὲ
1129 993 1218 1032 κατὰ
1237 993 1277 1032 τὸ
1298 995 1359 1045 ζῃν
1378 993 1522 1045 πάσχει.
1555 995 1664 1046 ἄμφω
1682 994 1752 1045 γὰρ
1770 1000 1889 1041 ταῦτα,

157 1049 325 1116 ἐνέργειαί
349 1067 438 1090 τινες
467 1050 647 1090 οὐσιώδεις
675 1052 796 1102 ψυχῆς
824 1051 880 1088 καὶ
909 1051 1035 1098 ὁμοίως
1063 1049 1220 1100 ἔχουσαι,
1244 1049 1306 1101 ζῇν
1335 1049 1448 1098 δήπου
1473 1051 1529 1088 καὶ
1556 1054 1655 1096 νοεῖν,
1675 1051 1722 1090 ὡς
1747 1052 1804 1088 καὶ
1829 1055 1891 1089 τοῦ

156 1104 266 1155 πυρὸς
291 1105 332 1143 τὸ
359 1105 538 1156 φλεγειν
525 1110 613 1153 ομοῦ
632 1123 689 1143 και
708 1123 748 1143 το
771 1105 826 1153 (τὸ
847 1120 928 1145 non
951 1113 1012 1145 est
1033 1120 1074 1144 111
1097 1105 1190 1144 Vat.
1213 1112 1254 1145 et
1276 1106 1366 1145 Par.
1374 1110 1385 1156 )
1408 1105 1579 1156 φωτιζειν,
1599 1123 1656 1143 και
1681 1106 1779 1144 οὐδὲν
1805 1123 1886 1144 του-

155 1177 226 1198 των
251 1160 447 1208 ἀπόλλυσι,
467 1165 537 1211 πῦρ
557 1160 669 1209 δηπου
690 1178 805 1209 μενον.
839 1161 908 1199 οὔτ’
930 1161 991 1199 οὖν
1010 1161 1096 1227 ζωης
1120 1178 1248 1229 ταυτης
1273 1162 1346 1199 κατ’
1368 1160 1466 1199 οὐδὲν
1495 1161 1637 1208 οὐδεμια
1662 1161 1791 1228 φθορὰ,
1811 1163 1889 1200 οὕτε

156 1220 217 1254 νοῦ
238 1215 331 1264 (vobs
352 1216 389 1255 V
392 1221 477 1267 ab..)
507 1216 647 1268 φθορὰν
673 1216 713 1254 δε
732 1217 811 1254 ποθ’
833 1217 923 1285 ημᾶς
948 1215 1143 1264 ἐπιστήμης
1168 1233 1224 1254 και
1248 1234 1387 1264 μνημης
1414 1218 1475 1264 τῆς
1495 1217 1568 1254 κατ’
1590 1215 1698 1265 αὐτην
1721 1234 1778 1255 και
1804 1235 1886 1266 νοη-

154 1288 247 1312 σεως
265 1271 563 1320 ὑποτιθεμενους
547 1290 568 1320 η
589 1273 792 1312 ἐννοοῦντας
811 1273 873 1310 οὐκ
892 1272 969 1310 ἐστι
988 1276 1111 1310 τοῦτον
1129 1270 1190 1309 τὸν
1209 1270 1341 1321 τρόπον
1360 1271 1449 1340 μήτι
1462 1289 1502 1321 γε
1525 1290 1581 1310 και
1601 1271 1662 1309 τὸν
1682 1276 1762 1310 νοῦν
1782 1274 1885 1324 φθει-

153 1330 279 1377 ρεσθαι
299 1328 460 1366 τίθεσθαι
479 1345 536 1365 και
556 1331 656 1365 νοεῖν.
688 1327 786 1365 ἐστιν
806 1328 866 1365 οὖν
885 1329 937 1365 ἀει
956 1344 1013 1365 και
1032 1326 1209 1375 ἐπιστήμη
1228 1331 1331 1366 πᾶσα
1351 1345 1406 1365 και
1430 1345 1451 1375 η
1471 1328 1544 1365 κατ’
1566 1327 1673 1375 αὐτην
1691 1327 1811 1377 μνήμη
1831 1346 1887 1367 και

154 1381 276 1431 νόησις
294 1383 330 1420 ἐν
348 1385 463 1434 ψυχῇ.

209 1455 243 1479 <7-
276 1438 414 1476 Τούτου
443 1439 471 1476 δ’
493 1437 592 1478 ὄντος
621 1439 677 1476 καὶ
706 1437 1005 1487 ἀποδεδειγμένου,
1025 1438 1103 1475 οὔτε
1131 1437 1171 1475 τὸ
1200 1437 1530 1486 ἀναμιμνήσκεσθαι
1558 1437 1622 1485 τὴν
1642 1437 1764 1489 ψυχὴν
1788 1438 1886 1477 ἔστιν

153 1494 322 1541 οὐδαμῶς,
342 1495 419 1532 οὕτε
438 1493 478 1531 τὸ
497 1492 767 1545 προϋφεστάναι
786 1493 916 1541 ταύτην
935 1497 997 1531 τοῦ
1017 1492 1104 1542 ζώου
1123 1497 1184 1531 τοῦ
1201 1493 1462 1559 μετεσχηκότος
1482 1495 1598 1541 αὐτῆς·
1630 1493 1739 1532 πόθεν
1758 1495 1785 1532 δ’
1808 1495 1881 1532 ἑτέ-

151 1549 302 1599 ρωθεν
283 1553 366 1597 ημῖν
387 1550 557 1599 (ὑστερως
577 1550 693 1588 addi‘t,
708 1549 803 1588 Vat.
827 1563 919 1588 cum
942 1549 1052 1599 Par.)
1074 1550 1281 1587 ἀπαντῶσιν
1300 1567 1334 1586 αι
1356 1550 1406 1591 (αι
1426 1550 1538 1588 abest
1559 1564 1581 1588 a
1598 1549 1635 1586 V
1638 1556 1690 1588 at.
1715 1555 1756 1588 et
1779 1549 1882 1598 Par.)

152 1603 343 1652 επιστήμαι
362 1604 470 1652 μηδεν
488 1603 660 1654 πρότερον
679 1622 757 1671 περι
777 1605 891 1642 αὐτῶν
911 1604 1058 1646 ειδόσινς
1080 1606 1155 1652 ἐμοὶ
1175 1604 1330 1651 &onius
1313 1622 1365 1642 οτι
1384 1604 1505 1654 ὥσπερ
1525 1622 1573 1641 συ
1591 1606 1883 1654 προδημιουργῶν

152 1677 215 1700 τας
240 1659 361 1711 ψυχὰς
389 1663 460 1697 τῶν
485 1659 663 1707 σωμάτων
691 1659 805 1709 λεγεις
832 1659 880 1708 μὴ
910 1661 1053 1707 ἀμαθεῖς
1082 1661 1160 1708 μηδ
1182 1660 1296 1698 αὐτῶν
1315 1663 1386 1698 τῶν
1406 1661 1610 1707 ἐπιστημῶν
1628 1663 1722 1705 εἶναι,
1742 1661 1824 1697 ἀλλ’
1846 1661 1882 1698 ἐν

152 1715 221 1766 ζωῇ
249 1716 366 1766 τελειᾳ
386 1716 539 1762 (τελειως
560 1716 597 1754 V
601 1716 698 1763 ind.)
719 1716 840 1754 τελείω
870 1714 906 1753 δε
935 1732 992 1752 και
1020 1718 1068 1766 νῷ
1089 1715 1157 1762 (voi
1177 1715 1213 1753 V
1217 1721 1269 1754 at.
1277 1720 1290 1767 )
1311 1716 1516 1755 τελουσας32
1517 1746 1526 1761 ,
1546 1715 1681 1755 τελειας
1709 1732 1805 1762 ειναι,
1824 1733 1881 1753 και

154 1770 260 1817 (κατὰ
280 1770 421 1822 Vind.)
445 1770 568 1819 νόησιν
586 1775 709 1809 πᾶσαν
729 1772 785 1808 καὶ
804 1769 1012 1818 ἐπιστήμην,
1031 1771 1121 1808 οὕτω
1148 1769 1190 1818 δη
1217 1772 1320 1818 κάμοι
1346 1770 1635 1819 ἀποδεδειγμενου
1658 1787 1877 1819 συγγεγενη-

151 1828 260 1864 σθαιὲ
280 1825 407 1866 ταύτας
434 1828 489 1864 καὶ
515 1826 754 1877 συνυπάρχειν
773 1829 845 1866 τοῖς
868 1825 1053 1876 μετέχουσι
1078 1825 1185 1876 ζώοις,
1209 1825 1307 1864 οὐδὲν
1327 1827 1475 1864 ε”λαττον
1495 1826 1629 1865 τελείας
1656 1826 1765 1865 οὔσας
1791 1825 1880 1875 ζωὴν

151 1882 208 1919 καὶ
228 1886 318 1928 νοῦν,
338 1882 472 1922 τελείας
499 1881 583 1920 εἶναι
611 1884 668 1920 καὶ
690 1881 755 1930 τὴν
773 1881 972 1929 ἐπιστήμην
994 1882 1068 1933 (καὶ
1093 1882 1226 1921 τελείας
1255 1880 1339 1919 εἶναι
1368 1880 1431 1929 τὴν
1457 1882 1571 1920 ἐπιστ.
1593 1880 1704 1930 Vat.)
1731 1883 1787 1918 καὶ
1815 1881 1880 1929 τὴν

151 1940 287 1985 γνῶσιν
307 1937 411 1984 αὐτῆς
433 1937 554 1985 (αὐτὲις
574 1938 714 1989 Vind.)
735 1935 757 1985 ἦ
776 1937 869 1977 τίνος
895 1936 1007 1974 ἕνεκεν
1026 1937 1090 1986 οὐχ
1109 1938 1241 1979 officum
1272 1937 1354 1974 ἀλλ’
1378 1936 1515 1977 οὐδενὸς
1543 1935 1647 1983 οἶμαι,
1669 1937 1738 1974 οὐδ’
1760 1935 1803 1974 ἂν
1830 1936 1879 1974 σὺ

151 1992 257 2043 φαίης
277 1992 347 2029 οὐδ’
368 1990 412 2030 ἂν
431 1992 569 2044 δείξαις.
601 1994 757 2031 λείπεται
776 1993 892 2030 τοίνυν
911 1991 1034 2042 ὥσπερ
1054 1990 1138 2030 αὐτὸ
1158 1991 1198 2029 τὸ
1217 1991 1303 2041 ζῶον
1322 1991 1362 2029 τὸ
1382 1994 1443 2040 τῆς
1469 1995 1587 2042 νοερᾶς
1612 1991 1740 2040 ταύτης
1759 1994 1879 2043 ψυχῆς

149 2047 308 2098 μετέχον,
327 2046 527 2095 αἰσθήσεως
553 2046 592 2086 ὃν
611 2049 707 2098 ζῶον,
727 2047 825 2086 οὐδὲν
849 2047 910 2095 μὲν
929 2047 1062 2085 τέλειον
1081 2046 1170 2085 κατὰ
1195 2047 1325 2096 ταύτην
1343 2046 1407 2095 τὴν
1427 2047 1631 2095 αἰ’σθησιν’
1615 2050 1753 2097 ενεργεΐ,
1772 2065 1878 2095 μηπω

149 2106 220 2141 τῶν
239 2105 453 2150 αἰσθητικῶν
472 2103 632 2153 ὀργάνων
649 2102 920 2152 τετελεσμένων,
939 2102 1189 2153 προαχθέντων
1209 2104 1236 2140 δ’
1259 2106 1304 2143 εἷς
1329 2107 1431 2140 τοῦτο
1456 2102 1588 2149 τέλους,
1608 2101 1678 2140 τότ’
1700 2104 1775 2140 ἐστὶ
1787 2102 1799 2123 ¹¹
1821 2120 1877 2140 και

149 2157 281 2197 παντὸς
300 2162 361 2195 τοῦ
382 2159 454 2195 κατ’
476 2158 645 2206 αἴσθησιν
664 2158 923 2207 ἀντιληπτικὸν,
941 2159 1031 2196 οὕτω
1051 2157 1093 2206 δὴ
1113 2159 1169 2196 καὶ
1196 2162 1287 2201 νοῦν,
1307 2159 1349 2210 ἐξ
1373 2159 1478 2206 αὐτῆς
1502 2160 1612 2225 ἀρχης
1638 2158 1872 2207 ἀναμεμιγμε-

150 2231 211 2251 νον
229 2230 285 2251 και
305 2230 651 2263 συνανακεκραμενον
670 2213 835 2262 αισθήσει
863 2231 918 2252 και
945 2213 1095 2261 σώματι,
1116 2231 1172 2251 και
1197 2213 1363 2251 τελειον’
1350 2213 1435 2252 όντα
1461 2215 1534 2251 κατ’
1557 2213 1666 2251 ἄλλαἰ
1687 2231 1743 2251 και
1768 2230 1876 2277 αυτην

148 2268 212 2317 τὴν
231 2267 439 2317 ἐπιστήμην,
454 2269 595 2306 τελειων
615 2272 750 2308 δεῖσθαι
769 2287 825 2307 και
843 2273 915 2307 τῶν
934 2269 1104 2319 ὀργάνων,
1126 2269 1167 2306 δι’
1189 2267 1237 2307 ὡν
1257 2268 1300 2307 ἂν
1320 2287 1374 2307 και
1395 2286 1482 2317 μετα
1501 2269 1666 2316 σώματος
1687 2268 1793 2320 δειξοι
1813 2286 1876 2315 την

148 2325 184 2362 ἐν
203 2325 322 2364 αὐτ-αἶς
341 2323 550 2371 επιστήμαις
570 2325 715 2372 δυναμιν
734 2325 840 2362 αὑτοῦ
862 2325 984 2371 (αὐτοῦ
1004 2339 1084 2363 11011
1108 2331 1168 2363 (st
1190 2339 1231 2363 111
1254 2325 1361 2376 vat.)
1385 2342 1440 2362 και
1466 2342 1647 2374 ενεργεια.ν
1682 2323 1816 2373 ὄργανα
1846 2325 1873 2361 δ

147 2380 203 2418 ε’πι
229 2397 368 2419 ταυταις
397 2396 462 2417 ειεν
490 2378 532 2417 ἂν
557 2381 676 2430 ψυχης
699 2378 791 2427 (νοος
812 2380 903 2419 Vat
943 2381 1078 2429 Jullfl'(
1110 2386 1327 2433 utramque
1358 2379 1448 2419 lect.
1453 2384 1478 2431 ),
1501 2379 1702 2430 ποῤῥώτερα
1731 2397 1803 2446 μεν,
1824 2379 1873 2416 αι’-

147 2438 279 2483 σθησις
298 2452 353 2472 και
374 2452 394 2482 η
414 2434 456 2486 ἐξ
473 2435 578 2482 αὐτῆς
597 2435 790 2486 φαντασία·
813 2436 918 2484 αὐτῆς
940 2422 1061 2483 (αὐτοῦ
1081 2435 1172 2474 V.at
1195 2442 1319 2486 lecte)
1342 2437 1370 2473 δ’
1392 2435 1491 2476 εὐθυς
1510 2434 1686 2486 ἐξημμενα
1706 2436 1874 2473 κάκείναις

149 2491 331 2537 (κάκείνοις
348 2490 442 2529 Vat.
466 2496 507 2529 et
530 2490 619 2529 Par.
626 2495 638 2541 )
660 2489 775 2537 μικτὰ,
795 2489 927 2529 διάνοια
953 2508 1010 2529 και
1036 2490 1156 2543 δόξαιῖ
1187 2490 1276 2539 μετὰ
1295 2494 1366 2529 τῶν
1385 2490 1550 2529 τοιούτων
1577 2508 1628 2528 νο
1632 2507 1655 2530 ις
1678 2488 1872 2537 ἐπιστήμας

184 2602 212 2624 32
235 2603 322 2631 Ludit
339 2604 488 2631 (humnus
511 2604 540 2630 in
561 2603 622 2631 soni
643 2603 795 2640 parilitate,
811 2604 988 2641 verbumque
1030 2605 1113 2632 codd.
1130 2605 1255 2632 habent:
1278 2606 1337 2632 τοὺς
1351 2607 1401 2630 τῶν
1417 2605 1436 2630 ε’,
1453 2615 1480 2630 σ.
1496 2604 1645 2629 τελούντων.

146 2651 261 2681 usurpat
275 2655 290 2671 a
303 2644 439 2671 class-ihm
455 2644 560 2672 civium
574 2644 718 2671 tralatum.
732 2644 873 2671 Plutarch.
889 2645 916 2672 in
930 2645 986 2672 Ro.
1070 2651 1085 2671 Ιξ
1101 2646 1172 2672 Cod.
1188 2646 1248 2672 Par.
1264 2645 1490 2680 συγγεγειινῆιτθιιι.
1549 2643 1561 2662 ¹¹
1580 2643 1649 2669 (vd.
1667 2643 1726 2669 ΡΜ.
1742 2643 1794 2668 τότ’
1808 2644 1871 2668 ι”ο-τι.

145 2685 224 2712 mulo
241 2685 310 2718 (XII
328 2688 335 2715 )
352 2685 434 2712 XIII.
450 2695 476 2721 p.
490 2693 537 2719 43,
555 2685 658 2722 Corayi
675 2685 709 2711 de
725 2684 912 2711 Senatoribus
930 2686 986 2712 Ro-
1070 2684 1076 2705 ί
1099 2686 1170 2712 Coti.
1189 2686 1251 2712 l'ar.
1266 2686 1319 2711 vir*
1332 2686 1410 2711 ι’ίλλα.
1455 2684 1552 2710 Ros-tc.

146 2725 255 2752 manis:
279 2726 338 2752 τοὺς
360 2726 385 2751 ἐν
408 2725 544 2761 συγκλήτῳ
564 2727 710 2757 τελοῦντας,
727 2724 773 2752 vel
791 2730 822 2752 ut
840 2725 987 2753 Bodleiani
1070 2724 1085 2745 k
1101 2726 1170 2751 eod.
1191 2726 1249 2752 l'ar.
1266 2726 1293 2751 in
1311 2734 1399 2761 marg.
1415 2736 1455 2759 γρ,
1468 2726 1622 2757 &nnuma-mm]
1637 2725 1673 2749 καὶ
1691 2724 1850 2757 &gammam

1082 2775 1192 2803 51-:2
