2102 3015
161 135 263 185 1436
699 136 963 172 ΔΙΑΛΟΓΟΣ
992 136 1111 173 ΠΕΡΙ
1140 137 1336 173 ΨΥΧΙ-ΙΣ.

1896 224 1948 262 39

155 238 269 285 μένοις
296 240 370 276 τισὶ
397 237 566 289 περιόδων
589 237 727 290 χρόνοις
752 240 798 280 ὡς
824 256 902 289 αρτι
932 240 1025 287 ὑμεῖς
1049 239 1208 288 ἐλέγετε·
1242 243 1353 277 ταῦτα
1377 238 1441 287 μὲν
1465 239 1507 288 δὴ
1533 237 1560 277 ὠ
1586 239 1671 279 καλε
1696 242 1885 292 πολύκριτε

157 294 335 342 ἀγέσθω
325 293 404 332 ὁποι
429 298 581 339 βελτιον·
611 295 690 332 συδ
712 294 793 342 ἡμῖν
819 294 908 344 ἅπερ
933 293 1124 345 ἀρχόμενος
1150 294 1239 346 ἐφην
1264 297 1291 332 εἶ
1314 293 1424 342 μήποι
1450 294 1658 346 φορτικον
1638 301 1669 344 ἠ,
1691 295 1834 346 φράσον
1852 298 1889 336 τί

155 354 199 397 ἠν
218 347 259 386 τὸ
278 348 321 387 σὲ
339 348 528 398 πεποιηκὸς
547 349 698 387 σύννουν
717 349 754 388 τὲ
780 348 864 388 εἶναι
886 367 942 388 και
960 349 1095 399 βαρεως
1115 349 1269 388 δοκεῖν”
1247 366 1347 400 εχειν.
1381 349 1480 388 οὐδὲν
1497 349 1567 400 γὰρ
1587 351 1656 388 οὐδ’
1678 351 1773 399 ἡμεῖς
1793 353 1882 391 ἀπο-

157 403 383 469 λειψόμεθα,
386 406 432 445 ὡς
461 404 504 442 ἂν
532 404 597 442 οῖοι
624 422 661 443 τε
689 403 781 472 ὦμεν
807 409 997 455 μετασχεῖν
1022 407 1083 452 τῆς
1108 404 1282 456 σκεψεως·
1319 405 1417 443 οὐδὲν
1441 404 1534 453 μεντ’
1556 405 1599 443 ἂν
1625 406 1711 447 ἰσως
1737 411 1886 457 πρᾶγμα

157 459 277 498 ὁπόσα
301 460 397 507 ἡμεῖς
423 460 536 508 ἴσμεν.
568 459 657 511 ἀτὰρ
682 460 771 510 σύγε
800 460 888 512 ἕξεις
912 460 1006 498 τίσιν
1033 459 1076 498 ἂν
1101 460 1285 508 μεταδοίης
1310 463 1381 498 τῶν
1406 460 1592 510 διαλόγων·
1623 465 1649 499 εὶ
1674 479 1738 509 μεν
1763 462 1885 509 βούλει

156 516 230 562 ε’μοι
250 514 435 564 πρεσβύτη
455 515 562 563 ἠδη”
540 529 627 554 οντι·
656 518 684 554 εἰ
704 516 739 554 δὲ
759 534 806 564 μη
826 514 1055 566 ἀριστομάχω
1074 517 1172 553 τῶδε.
1202 515 1351 566 ἑκατερω
1370 533 1440 565 γαρ
1460 516 1559 564 ἡμῶν
1578 515 1824 566 διαλεγόμενος
1841 518 1886 556 τὰ

155 571 308 619 μέγιστα
336 573 450 621 χαριῆ.
486 573 581 609 δοκεῖ
604 588 663 619 μοι
692 569 776 609 εἶναι
803 574 830 608 ὠ
853 569 1028 618 τιμόκλεις
1050 570 1285 621 παγχάλεπον
1309 588 1341 609 τι
1367 574 1509 620 γνῶναι,
1533 571 1613 610 ὅποι
1640 573 1708 623 ἔχει
1735 573 1886 612 ἕκαστον

155 629 226 663 τῶν
246 625 366 665 ὄντων.
396 627 490 664 ταῦτ’
512 643 580 676 αρα
605 643 662 664 και
687 626 821 675 ὀλίγοις
840 625 1000 674 ἐπιμελὲς
1019 624 1059 664 τὸ
1079 624 1210 664 τοιόνδε
1229 626 1473 675 γίγνεται.τά
1497 630 1653 665 πλεῖστα
1676 627 1712 666 δὲ
1735 645 1881 680 συγχω-

154 684 267 729 ροῦσι,
287 684 337 719 τῶ
357 683 453 729 κοινῆ
473 682 720 733 χορηγουμένω
740 681 849 730 λόγω.
883 680 932 721 οἷς
952 680 993 719 δέ
1008 698 1040 719 τι
1060 685 1121 719 τοῦ
1140 683 1273 719 τοιοῦδε
1293 681 1434 732 κέντρον
1453 686 1528 722 ταῖς
1547 685 1681 734 ψυχαῖς
1700 684 1884 732 ἐνδέδυκεν,

156 736 250 774 οὗτοι
269 738 326 774 καὶ
351 735 516 785 συνήθων
536 739 591 775 καὶ
611 740 681 775 τῶν
701 737 825 774 ἄλλων
851 736 1050 784 ἐπιτηδείων
1070 738 1245 786 ἀλογοῦσι
1271 739 1327 775 καὶ
1353 739 1388 775 ἐν
1408 738 1519 776 οὐδενὶ
1537 737 1602 786 τὴν
1621 738 1750 789 ἔχθραν
1769 740 1882 778 τίθεν-

154 806 222 829 ται·
255 793 337 829 ἀλλ’
360 794 412 831 ἀεὶ
434 793 526 830 τοῦθ’
549 793 679 842 ὁρῶσιν
700 792 793 832 ὅπως
812 791 888 829 ἄντι
908 792 1040 843 σφίσιν
1059 793 1095 829 ἐν
1115 791 1213 841 λόγω
1232 793 1428 842 περανθείη.
1461 795 1517 831 καὶ
1537 794 1577 831 οὐ
1596 797 1714 834 καλῶς
1733 796 1780 834 ὡς
1799 795 1884 834 ε”οικε

154 850 225 887 τοῖς
244 851 402 896 ποιηταῖς
421 848 601 896 ἐνομίσθη.
634 846 744 885 δεινόν
763 864 795 885 τι
815 848 870 884 καὶ
891 850 937 887 εἰς
957 846 1001 884 τὰ
1019 846 1136 885 πάντα
1154 847 1270 893 βίαιον
1289 847 1330 885 τὸ
1350 847 1520 897 συγγενὲς
1535 848 1712 897 οἰομένοις.
1740 867 1885 888 τουναν-

153 902 228 940 τίον
252 920 293 952 γε
316 901 386 951 μὴν
410 904 429 941 ὁ
456 905 517 950 τῆς
543 903 708 950 ἀληθείας
735 903 820 952 ε’]οως
845 906 916 942 τοῖς
940 902 1080 950 ἄμεινον
1105 905 1176 940 τῶν
1193 906 1342 940 πολλῶν
1362 903 1582 950 διακειμένοις
1602 906 1884 954 δυσπαραίτητος

153 958 359 1006 ἐγκείμενος·
390 960 446 996 καὶ
472 959 511 996 οὐ
536 957 629 996 πάνυ
655 975 708 996 τοι
731 956 933 1008 φειδόμενος
951 958 1071 996 πείθει.
1105 959 1161 996 καὶ
1184 959 1378 996 παιδευτῶν
1404 960 1460 996 καὶ
1486 962 1556 997 τῶν
1582 959 1707 998 ἄλλων
1732 962 1778 1000 ὡς
1802 961 1884 1003 ε”πος

438 1017 454 1026 .,.

153 1035 260 1071 ειπεῖν
280 1027 458 1082 ἀναγκαιὸ’
482 1033 796 1085 (ἀναγκαιοτάτων)
819 1035 1002 1084 ὀλιγωρεῖν
1030 1033 1105 1074 ε’νος
1129 1034 1254 1072 τούτου
1277 1034 1423 1085 σφόδρα
1445 1051 1713 1084 περιεχομενοις.
1745 1035 1825 1076 εἰτις
1850 1053 1882 1074 τι
1894 1048 1944 1082 40

153 1091 297 1136 μᾶλλον
326 1089 529 1139 ὑγιέστερον
555 1107 610 1127 και
637 1089 735 1139 λόγω
761 1106 1086 1139 συγκεκροτημενον
1113 1090 1233 1140 εὗροιὸ·
1271 1092 1326 1127 καὶ
1351 1089 1496 1137 τούτοις,
1521 1090 1563 1141 ἐξ
1587 1089 1752 1128 ἀπαντων
1779 1089 1883 1139 οἶμαι,

153 1144 262 1183 οὐδεις
288 1145 334 1183 ὡς
359 1144 565 1192 ἀγνώμοσιν
592 1144 668 1183 οὐδὲ
695 1145 853 1185 κακόνοις
879 1145 1017 1186 δικαιως
1040 1143 1084 1182 ἂν
1109 1145 1287 1194 ἐγκαλοίη·
1319 1148 1462 1192 μᾶλλον
1487 1162 1550 1193 μεν
1576 1146 1636 1183 οὖν
1659 1149 1814 1184 πλεῖστα
1841 1145 1883 1195 δη

153 1200 339 1248 συγγνοί·η
372 1216 427 1237 και
457 1200 687 1251 σφοδροτερω
712 1199 815 1238 πάθει
844 1201 1130 1250 ὑπερβληθεῖσιν.
1164 1203 1191 1238 εἰ
1219 1199 1253 1238 δὲ
1277 1218 1336 1248 μη,
1358 1201 1418 1238 οὐκ
1445 1199 1521 1238 οῖδα
1547 1203 1573 1238 εἷ
1596 1200 1645 1249 μὴ
1664 1201 1832 1252 σχετλιον
1851 1219 1883 1240 τι

153 1254 322 1321 γίγνοιτο.
355 1257 381 1292 εἶ
409 1254 498 1293 ι’)κνω
518 1273 570 1295 τις
589 1255 758 1307 καθαπαξ
775 1255 874 1294 εἰκων
894 1273 1011 1294 επειτα
1029 1256 1149 1306 πόῤῥω
1170 1257 1276 1304 σταίη
1297 1257 1336 1293 δι
1359 1257 1398 1293 06
1418 1256 1602 1301 βελτιων
1589 1273 1699 1294 εσται.
1733 1274 1789 1295 και
1813 1256 1883 1306 ἐγὼ

151 1310 267 1347 τοίνυν
287 1327 323 1347 ευ
343 1309 416 1348 ι’σθι
435 1328 514 1360 περι
533 1312 707 1349 πλείστου
726 1328 944 1359 ποιησαιμην
963 1310 1006 1349 ἂν
1025 1313 1145 1360 μηδενι
1165 1310 1456 1361 προσκεκρουκὼς
1476 1309 1559 1349 εἶναι
1579 1315 1649 1349 τῶν
1668 1312 1834 1362 ἀρχαίων
1860 1331 1882 1361 η

151 1367 222 1402 τῶν
251 1369 312 1403 νῦν
340 1366 393 1417 ἐφ’
416 1366 496 1414 ἡμῖν
525 1366 636 1404 ὄντων
662 1370 802 1418 σοφῶν·
834 1368 890 1404 καὶ
919 1368 959 1404 οὐ
987 1366 1081 1405 πάνυ
1106 1366 1283 1415 μέμνημαι
1309 1366 1370 1404 ε’ίτι
1395 1368 1469 1414 ἐμοὶ
1493 1365 1582 1416 πρὸς
1604 1367 1735 1416 τρόπου
1758 1384 1882 1406 τουτου

149 1423 293 1466 μᾶλλον
318 1421 377 1468 ε’ίη.
407 1423 603 1470 βουλοίμην
629 1422 746 1470 μέντοι
775 1423 847 1470 μετ’
869 1423 984 1460 αὐτῶν
1009 1421 1169 1471 συζητεῖν
1196 1423 1336 1472 ἀκριβεῖ
1358 1423 1414 1460 καὶ
1440 1423 1570 1470 δοκίμω
1594 1422 1692 1470 λόγω
1718 1422 1758 1460 το
1784 1421 1824 1461 ὂν
1845 1425 1882 1462 ἐν

150 1474 285 1513 ἅπασιν
310 1475 343 1514 οῖ
370 1476 450 1527 ἔχει·
488 1479 544 1515 καὶ
572 1480 598 1515 εἱ
627 1477 690 1525 μὲν
719 1480 814 1525 κοινῆ
841 1476 1079 1526 σκηπτόμενοι
1110 1476 1339 1529 φωράσομεν·
1376 1479 1432 1515 καὶ
1461 1479 1535 1525 ἐμοὶ
1563 1477 1678 1526 τάμὴν
1709 1479 1782 1531 (Sic
1811 1480 1881 1518 Sed

150 1531 331 1570 evanidis
361 1531 507 1583 listris)
541 1534 679 1573 ἐκείνοις
709 1532 815 1585 δόξει·
851 1535 877 1570 εἰ
908 1532 943 1571 δε
971 1532 1030 1581 μὴ,
1059 1532 1164 1571 αυτὸν
1192 1533 1259 1571 ιδια
1289 1532 1337 1581 μὴ
1364 1535 1492 1571 ἀνεῖναι
1520 1533 1733 1580 μεταθεόντα
1759 1533 1881 1584 ὥσπερ

150 1586 267 1636 ’ίχνους
286 1586 543 1655 επιλαβόμενρν
561 1589 731 1657 μέχριπερ
750 1591 927 1640 ἀσφαλῶς
950 1606 1043 1629 τινος
1066 1588 1320 1656 ἐπειλημμενον
1346 1588 1448 1626 ε”πειθ
1470 1589 1621 1636 ἡσθῆναι
1648 1591 1690 1636 τῆ
1717 1589 1875 1641 ἐντεύξει.

148 1642 296 1689 ὁπηνίκα
321 1641 386 1690 μὲν
410 1643 470 1681 οὖν
489 1643 575 1694 όπερ
595 1648 691 1682 εἶπον
710 1643 798 1692 μετὰ
817 1647 888 1681 τῶν
907 1647 1035 1699 σοφῶν
1056 1644 1187 1694 ἐντύχω
1213 1648 1261 1682 ὡν
1287 1645 1365 1693 ἐρῶ·
1398 1661 1454 1681 και
1481 1644 1542 1681 οὐκ
1569 1644 1636 1694 ἔχω
1656 1643 1752 1693 παρὰ
1770 1649 1880 1682 ταῦτα

148 1696 271 1735 πολλὰ
297 1697 522 1750 σκεψαμενος
549 1700 657 1748 εὑρεῖν
676 1699 810 1740 τούτοις
835 1699 870 1737 δε
897 1692 1039 1738 ἀναπαῗί
1054 1717 1121 1747 μου
1141 1717 1161 1747 η
1181 1699 1294 1750 ψυχή.
1325 1700 1474 1737 ἐνταυθα
1498 1701 1573 1738 πῶς
1595 1698 1664 1745 οἴει,
1685 1698 1777 1737 πάνυ
1798 1700 1880 1766 ήδὺτς

148 1754 215 1799 εἶμι
244 1753 304 1790 καί
329 1770 362 1791 τι
373 1771 644 1820 κεχαρισμενον
671 1772 707 1792 εν
734 1757 776 1802 τῆ
803 1754 884 1807 ὀψει
912 1755 1018 1806 φέρω.
1052 1753 1191 1793 ἐπειδᾶν
1219 1755 1254 1793 δὲ
1279 1758 1436 1792 τοιοῦτον
1460 1753 1567 1801 μηδεν
1592 1752 1613 1801 ἦ
1633 1755 1715 1791 ἀλλ’
1737 1754 1879 1794 ἀποστά

147 1825 215 1854 μου
235 1809 293 1846 ἀπ
311 1809 448 1847 ἐκεινων
463 1810 483 1857 6
499 1809 611 1861 ψυχὴ,
627 1814 814 1858 τηνικαῦτα
834 1809 1063 1848 παντάπασιν
1082 1812 1118 1848 ἐν
1138 1810 1258 1860 ἀπόρω
1278 1811 1344 1857 εἰμι
1365 1826 1421 1847 και
1440 1808 1624 1846 κινδυνεύω
1644 1809 1755 1847 δεινόν
1770 1827 1802 1848 τι
1823 1828 1878 1850 και

149 1862 293 1912 ἀτερπὲς
312 1865 468 1909 βλεπειν.
503 1882 606 1903 τουτο
632 1865 668 1903 δε
694 1883 749 1903 και
776 1866 906 1903 ἀλλοτε
934 1864 1010 1903 οῖδα
1029 1866 1164 1904 παθών.
1197 1867 1270 1903 νυνὶ
1293 1865 1328 1903 δε
1347 1863 1506 1902 τοσούτω
1526 1864 1822 1914 ε’πιδηλότερονῃ
1804 1883 1879 1905 οσω

148 1920 205 1955 καὶ
233 1920 269 1955 ἐν
297 1921 526 1970 χαλεπωτέρα
555 1922 621 1967 εἰμὶ
651 1923 819 1973 φροντίδι.
854 1922 910 1958 καὶ
938 1920 965 1958 ὦ
993 1920 1083 1959 κατὰ
1112 1920 1256 1970 γνώμην
1282 1919 1489 1970 διαφέρομαι
1517 1922 1625 1957 τῶντε
1653 1919 1765 1958 πάλαι
1794 1921 1879 1960 ποτὲ

148 1972 319 2020 ἑλληνων,
340 1978 410 2012 τῶν
435 1993 472 2013 τε
499 1993 560 2014 νιν
583 1976 693 2014 ὄντων
719 1980 826 2014 τῶντε
852 1976 1027 2014 εἱσεπειτα
1051 1976 1238 2024 εσομένων,
1257 1977 1333 2013 ἐστι
1359 1974 1579 2025 σοφώτατος.
1609 1975 1677 2023 ἐγὼ
1704 1974 1827 2026 γάρτοι
1853 1975 1880 2014 ὠ

148 2026 270 2077 ἄριστε
298 2030 433 2079 ἀνδρῶν
452 2030 635 2077 τιμόκλεις
656 2030 855 2080 ἐβουλόμην
875 2049 964 2069 κατα
986 2030 1110 2081 μικρὸν
1129 2035 1270 2079 μᾶλλον
1289 2046 1394 2078 εγγυς
1414 2032 1457 2079 τῇ
1477 2029 1564 2081 δόξῃ
1583 2032 1645 2077 τῆς
1664 2032 1795 2082 σοφίας
1814 2033 1873 2070 ἐλ-

147 2085 220 2121 θεῖν
243 2086 292 2135 τῷ
317 2084 482 2123 θειοτάτω
508 2104 563 2124 και
590 2086 866 2136 ελλογιμωτατω
885 2090 956 2124 τῶν
975 2086 1136 2134 ἑλληνων
1155 2085 1324 2131 πλάτωνι,
1344 2102 1366 2133 η
1386 2084 1429 2122 τὰ
1449 2086 1585 2134 δαρειου
1603 2102 1662 2133 μοι
1682 2089 1766 2124 εἶναι
1785 2087 1873 2138 χρή-

146 2156 250 2186 ματα,
272 2156 327 2176 και
355 2139 498 2178 πάντων
528 2140 599 2188 ἅμα
628 2159 706 2180 οσοι
732 2159 796 2190 την
825 2143 931 2180 ἀσίαν
960 2141 1161 2191 προσθήσω
1190 2140 1258 2178 δη
1241 2158 1292 2178 οτι
1322 2157 1378 2178 και
1404 2140 1565 2189 εὑρώπην
1591 2158 1646 2178 και
1673 2158 1721 2179 ετι
1747 2141 1877 2198 λιβύην

147 2196 294 2232 οἷκουσι.
324 2195 508 2242 δαιμονίως
528 2196 597 2245 γὰρ
612 2198 640 2234 τ’
659 2197 821 2246 ἀνδρὸς”
799 2211 933 2247 εραμαι·
960 2199 1015 2234 καὶ
1035 2197 1096 2234 οὐκ
1117 2213 1228 2246 εχοιμι
1249 2195 1290 2233 ἂν
1304 2197 1421 2245 ῥᾶστα
1441 2197 1537 2245 ἐρεῖν,
1554 2213 1606 2233 οτι
1620 2195 1755 2247 πάσχοι
1770 2199 1873 2237 τάνω.

147 2250 256 2289 ου’τως
275 2248 426 2299 ἄρρητόν
443 2267 475 2287 τι
495 2251 602 2298 μελος
617 2253 751 2299 ἐπωδῆς
766 2270 808 2299 τη
822 2254 923 2303 ψυχη
943 2253 1071 2299 καθηκε
1090 2255 1169 2299 μοῦ.
1201 2251 1360 2289 τοσούτω
1380 2250 1425 2290 δε.
1442 2250 1578 2289 ὁπόσου
1597 2253 1712 2292 αἰδοῦς
1720 2252 1873 2319 ὅφλοιμ’

146 2303 201 2342 ἄν·
232 2305 365 2343 ἐνθενδε
392 2322 448 2343 και
472 2305 560 2354 σύγε
586 2310 679 2353 οἶμαι
698 2307 831 2354 μάθοις.
861 2307 1087 2356 περιίσταμαι
1107 2307 1176 2344 δε’
1163 2305 1230 2356 ἄρα
1251 2311 1312 2344 νῦν
1331 2309 1406 2346 πῶς
1426 2304 1468 2343 ἂν
1488 2307 1674 2358 ἐνδείξαιμι
1694 2308 1871 2358 εὐσχημό-

143 2377 210 2399 νως
230 2361 443 2411 διενεχθῆναι
463 2378 519 2398 και
539 2362 579 2398 οὐ
597 2361 741 2421 σφόδρα
760 2364 947 2409 πεισθῆναι
967 2361 1118 2410 λεγοντι·
1151 2362 1190 2399 οὐ
1204 2379 1279 2428 μην
1298 2361 1422 2408 είποιμ
1444 2360 1487 2398 ἂν
1507 2361 1558 2399 ὅτι
1583 2368 1619 2399 εὐ
1642 2363 1682 2399 οὐ
1701 2363 1873 2410 πείθομαι·

144 2419 247 2453 τοῦτο
271 2414 335 2463 μὲν
359 2415 485 2465 γάρπω
512 2418 589 2454 οὔτε
615 2415 700 2461 οἰδα,
720 2418 789 2454 οὔτ’
811 2416 852 2454 ἂν
872 2418 1169 2467 διισχυρισαίμην.
1202 2417 1254 2454 ὅτι
1278 2434 1395 2465 μεντοι
1420 2419 1446 2454 εὶ
1466 2418 1618 2464 μηδεὶς’
1604 2434 1673 2467 εχει
1691 2435 1734 2464 με
1754 2422 1873 2457 πεῖσαι

142 2469 329 2518 ἱασαμενός
348 2488 416 2518 μου
435 2488 499 2518 την
519 2472 678 2521 ἀπορίαν·
708 2489 764 2509 και
784 2471 951 2509 τολοιπὸν
969 2489 1079 2510 ταυτα
1103 2472 1249 2520 παθοιμι
1275 2472 1335 2510 ε’ίτι
1356 2489 1411 2509 και
1433 2469 1527 2510 αλλο
1548 2473 1698 2523 φησαιμ’
1722 2471 1765 2510 ἂν
1785 2473 1870 2511 εἰδε-

182 2607 195 2625 5
218 2606 261 2634 Cf.
279 2607 389 2634 Platon.
405 2607 511 2643 (Iratyl.
535 2617 562 2643 p.
580 2616 648 2641 421,
666 2608 698 2634 A.
724 2607 759 2634 cf.
773 2607 838 2634 Var.
855 2607 938 2636 Lect.
960 2608 987 2635 in
1011 2608 1113 2635 Plotin.
1132 2608 1152 2635 I.
1169 2608 1194 2635 6.
1213 2618 1227 2645 3
1257 2609 1292 2636 ad
1315 2618 1400 2645 quem
1423 2609 1518 2635 locum
1543 2608 1625 2644 plura
1648 2608 1778 2639 diximus.
1800 2619 1872 2645 prae-

142 2647 241 2674 >crti1n
257 2647 284 2674 in
301 2647 367 2674 edit.
384 2649 443 2684 ejus
459 2648 548 2675 libelli
566 2648 697 2675 Heidelb.
713 2657 741 2684 p.
758 2648 819 2683 189.
