2102 3015
169 191 271 226 1424
691 176 985 214 NAOANAHA
1015 175 1372 213 ΑΝΤΙΘΕΤΙΚΟΣ

165 282 288 334 Vat.²)
313 279 470 319 Πλάτων
489 281 508 318 ὁ
526 279 636 329 μέγας
655 282 712 318 καὶ
731 283 917 320 Πλωτῖνος
942 279 1041 318 οὐδὲν
1064 277 1107 317 ἂν
1133 277 1198 316 εἶεν
1222 281 1335 316 κυνῶν
1360 279 1416 316 καὶ
1441 276 1598 327 γεράνων
1626 279 1681 316 καὶ
1707 279 1898 329 μυρμήκων

166 335 410 387 διενηνοχότες,
429 339 504 376 πῶς
530 335 566 374 δὲ
593 337 649 374 καὶ
669 336 820 403 φαίημεν
839 337 875 374 ἐν
894 335 1009 375 αὐτοῖς
1027 334 1090 375 τὰς
1109 333 1305 381 ἐπιστήμας
1325 331 1538 381 ἀναμνήσεις
1557 331 1642 371 εἶναι
1663 333 1783 386 μνήμῃ
1808 334 1898 386 μόνῃ

167 409 398 443 κεχρημενοις,
413 390 612 439 ἀνάμνησιν
631 391 692 428 δ”
675 392 726 429 επ’
744 391 906 438 οὐδεμίαν
925 390 1115 442 ἀφικέσθαι
1135 388 1349 436 δυναμενοις
1374 389 1442 426 τίνι
1460 389 1489 426 δ’
1505 389 1619 426 αὐτῶν
1639 392 1695 427 καὶ
1714 389 1899 439 ανθρωπος

167 447 209 486 ἂν
223 448 402 495 ἀποσταίη
418 448 498 495 (Sic
512 446 604 486 Vat.
619 445 811 494 ἀποσταλη
824 446 947 485 Vind.
950 449 978 495 )·
1004 447 1061 483 καὶ
1079 462 1128 492 μη
1135 444 1245 494 ἒ“οὐχί
1264 443 1391 482 ταύτὸν
1407 443 1529 495 (ταύτὸ
1544 444 1636 483 Vat.
1643 444 1704 491 )''
1673 462 1723 493 ειη
1743 445 1843 486 οὗτός
1861 463 1899 484 τε

167 505 347 548 κάκεῖνα,
336 519 479 540 παντων
501 505 571 540 τῶν
597 501 702 540 αὐτὸν
722 501 906 551 ὁριζόντων
925 517 962 538 τε
989 505 1040 551 (τε
1069 501 1182 539 abest
1209 513 1232 538 a
1252 498 1357 538 Vat.
1357 500 1381 546 ³)
1401 500 1457 537 καὶ
1477 498 1715 549 γνωριζόντων
1734 501 1900 541 κάκείνοις

167 557 209 607 δὴ
228 558 457 608 προσόντων;
491 561 551 595 νοῦ
569 557 632 605 μὲν
651 556 720 606 γὰρ
740 555 894 595 δεκτικόν
914 573 971 593 και
995 554 1191 603 ἐπιστήμης
1210 553 1316 593 αὐτον
1342 554 1384 603 δὴ
1409 553 1517 602 μόνον
1535 553 1597 593 τὸν
1615 555 1836 605 ανθρωπον
1822 573 1898 606 ορι-

168 613 301 662 ᾥμενοι
324 612 446 664 (αὐτὸν
475 613 517 661 δὴ
546 614 603 650 καὶ
630 613 738 661 μόνον
767 611 956 661 ὁριζόμενοι
983 627 1045 648 τον
1074 611 1278 679 ἄνθρωπον
1285 610 1379 649 Vat.
1408 624 1501 649 cum
1531 610 1639 661 Pal.)
1665 610 1782 676 φαμὲν
1805 615 1899 658 εἶναι,

168 669 312 718 λογικὸν
331 668 426 715 ὅντα,
446 685 503 706 και
529 667 641 706 τούτω
661 670 858 717 διαιροῦμεν
876 670 946 704 τῶν
966 665 1101 713 αλλων,
1121 669 1149 703 εἰ
1173 665 1209 703 δὲ
1233 664 1283 714 μὴ
1302 665 1453 703 τούτων’
1474 665 1658 716 ἅνθρωπος
1677 666 1783 714 μόνος
1802 665 1902 704 ἀλλὰ

168 724 242 762 καῖ’
266 723 311 761 τὰ
335 724 452 773 ἄλογα
477 727 520 775 (εἰ
546 723 582 761 δὲ
611 722 659 771 μὴ
687 727 798 760 ταῦτα
823 722 899 759 ἄνθ.
923 738 962 768 μ.
985 720 1083 758 ἀλλα
1107 722 1143 758 τί
1165 738 1205 770 γε
1229 722 1285 758 καὶ
1307 720 1423 770 αλογα
1443 721 1536 760 Vat.
1543 726 1556 771 )
1583 720 1719 759 οὐδεν
1699 727 1804 770 ἡττον
1823 739 1902 762 νοος

168 796 313 830 μετεχει,
333 781 389 817 καὶ
419 778 530 828 λόγου
556 777 598 816 ἂν
624 795 799 828 μετεχοιεν
825 777 973 822 εἰκότως,
993 779 1022 814 εἰ
1047 793 1103 814 και
1127 775 1176 824 μὴ
1202 776 1300 816 ἐκτός
1317 793 1358 825 γε
1382 781 1663 846 προχωροῦντος,
1683 778 1765 814 ἀλλ’
1786 777 1902 818 αὐτοῖς

167 833 314 881 ἐνόντος,
335 836 391 872 καὶ
416 834 467 902 ε’ίη
487 833 530 872 ἄν
549 835 656 873 οὕτως
677 834 872 880 οὐδαμῶς
856 833 985 880 η’κιστα
1005 831 1172 882 διαφέρον
1191 830 1336 879 λογικον
1344 831 1500 900 ἀλόγου,
1521 832 1581 870 καί
1596 849 1636 882 γε
1657 835 1738 870 νοῦν
1756 831 1819 870 τὸν
1837 831 1903 880 μὲν

169 893 195 928 εἰ
217 889 333 939 φαμὲν
351 890 423 938 μετ’
445 888 640 937 ἐπιστήμης
660 886 754 935 εἶναι,
775 889 831 925 καὶ
850 886 980 935 ταύτην
1000 886 1043 938 ἐξ
1059 887 1166 924 αὐτοῦ
1185 890 1280 933 εἶναι,
1300 904 1356 924 και
1382 887 1401 924 ὁ
1420 888 1456 924 ἐν
1476 887 1558 934 ἡμῖν
1577 891 1656 927 νοῦς
1675 887 1772 925 ε”στιν
1792 887 1902 935 οῦτος,

168 945 230 983 τὸν
260 946 287 983 δ’
311 947 347 983 ἐν
375 949 446 985 τοῖς
476 948 611 984 λοιποῖς
640 944 736 994 ζώοις
765 942 842 991 μήτ
869 943 930 994 ἀφ
956 943 1079 979 ἑαυτοῦ
1108 944 1198 979 νοεῖν
1225 942 1304 990 μηδ’
1331 940 1529 990 ἐπιστήμης
1555 942 1709 980 δεκτικον
1735 945 1902 991 μηδεμιᾶς

169 1001 331 1050 λέγοιμεν
351 998 446 1046 εἶναι,
463 1002 682 1049 διαιροῖμεν
669 998 711 1036 ἀν
731 1000 850 1044 οὕτως,
866 1015 921 1035 και
942 1002 1023 1035 νοῦν
1044 1001 1138 1048 (νοῦς
1155 996 1191 1035 V
1196 997 1281 1036 ind
1287 1001 1301 1047 )
1317 996 1379 1035 τὸν
1397 995 1461 1044 μὲν
1480 995 1595 1035 εἰδότα
1614 999 1670 1035 καὶ
1690 997 1904 1048 δημιουργὸν

169 1055 364 1122 ἐπιστήμης
393 1055 557 1104 λεγοιμεν
586 1054 638 1100 ἂν,
658 1053 720 1092 τὸν
749 1053 785 1091 δὲ
813 1054 892 1101 μηδ’
916 1053 1098 1091 ὑπἀὐτοῦ
1124 1052 1353 1100 δεδυνημενον
1380 1052 1624 1104 (δεδυνημενου
1644 1053 1757 1103 Vat)
1781 1058 1843 1092 τοῦ
1868 1054 1901 1103 γ’

169 1110 401 1158 ε’πισταμενου
419 1112 587 1149 πεπαιδει
584 1113 686 1156 σθαι,
705 1109 791 1157 μήτε
812 1108 1022 1159 δεδιδάχθαι,
1043 1109 1099 1146 καί
1126 1107 1177 1156 εἴη
1202 1107 1245 1145 ἂν
1271 1108 1290 1145 ὁ
1315 1111 1471 1148 τοιοῦτος
1491 1111 1570 1148 νοῦς
1589 1111 1695 1146 εἰπεῖν
1714 1108 1827 1156 ἄνους,
1847 1111 1904 1147 καὶ

168 1166 269 1205 πάντ’
291 1165 334 1204 ἂν
359 1166 430 1203 ἄνω
457 1167 513 1203 καί
541 1165 635 1203 κάτω
660 1164 822 1214 γε’ἳνοιτο(
823 1169 840 1211 ³,
859 1181 915 1201 και
941 1163 1081 1203 ἀτόπως
1100 1163 1179 1215 ἕξει,
1199 1163 1270 1212 ε’ίγε
1289 1162 1400 1212 λόγον
1419 1163 1482 1210 μὲν
1501 1163 1636 1212 ἄλογον
1655 1164 1803 1213 θείημεν,
1823 1168 1905 1203 νοῦν

170 1223 197 1259 δ’
219 1222 336 1260 ἄνουν.
369 1222 450 1258 ἀλλ’
473 1220 562 1259 ἱτεόν
591 1222 645 1258 ἐπὶ
675 1219 715 1258 τὸ
744 1217 934 1270 πρῶτον,’ὸ
961 1217 1003 1267 δὴ
1031 1219 1088 1256 καὶ
1117 1218 1279 1268 ζητητέον
1307 1218 1389 1266 ἡμῖν
1412 1218 1546 1270 ε”φαμεν
1571 1218 1721 1268 (ε”φημεν
1746 1219 1835 1259 Par.
1862 1226 1905 1259 et

171 1277 279 1327 vat.)
300 1275 395 1323 εἶναι,
416 1276 510 1316 ὅπως
528 1274 606 1314 πότ’
628 1275 805 1323 ἐπιστήμη
831 1274 995 1322 δηλονότι
1020 1278 1092 1314 τοῖς
1117 1273 1225 1322 μηδὲν
1243 1276 1412 1322 μηδαμῶς
1430 1275 1509 1323 περὶ
1535 1274 1641 1322 αὐτῆς
1657 1273 1788 1312 εἰδόσιν
1807 1274 1906 1314 ἔστιν

168 1332 384 1382 ἐγγινομένη.
417 1331 509 1382 τάχα
537 1331 617 1380 γὰρ,
644 1334 671 1369 εἰ
699 1330 748 1378 μὴ
777 1330 819 1381 ἐξ
845 1329 1085 1378 ἀναμνήσεως,
1110 1328 1304 1376 οὐδαμόθεν
1329 1328 1372 1367 ἂν
1400 1329 1556 1367 ἄλλοθεν
1585 1328 1716 1381 δόξειεν
1744 1328 1841 1368 εἶναι·
1877 1333 1905 1369 εἰ

169 1393 256 1437 γοῦν
283 1386 461 1435 ἐπιστήμη
489 1387 596 1435 μηδὲν
625 1403 750 1436 ετερον,
777 1385 975 1433 ἀνάμνησις
1003 1385 1039 1423 δὲ
1067 1388 1137 1423 τῶν
1165 1383 1336 1434 πρότερον
1364 1384 1428 1432 μὲν
1457 1385 1688 1434 ἐγνωσμένων
1716 1388 1830 1437 ψυχῇ,
1849 1387 1906 1424 καὶ

168 1445 252 1493 πρὶν
271 1442 292 1491 ⁷7
313 1442 443 1490 ταύτην
464 1443 592 1493 (omiS.
618 1442 653 1480 V
657 1448 726 1493 at.)
746 1443 867 1479 ἐνεῖναι
886 1444 957 1481 τοῖς
976 1441 1155 1488 σώμασιν,
1175 1441 1246 1478 ἐπεὶ
1267 1441 1296 1477 δ
1317 1441 1439 1478 ἐνεῖται
1459 1442 1516 1478 καὶ
1535 1440 1668 1480 τούτοις
1688 1440 1902 1493 συμπέφυρ-

169 1516 226 1536 ται
232 1501 270 1546 ⁴⁰,
290 1500 352 1546 τῆς
379 1497 518 1546 μιήμης
543 1497 665 1547 ὥσπερ
693 1497 922 1565 ἐκτριβεισης,
943 1498 999 1534 καί
1026 1497 1047 1544 ἡ
1072 1497 1134 1544 τῆς
1159 1495 1356 1543 ἐπιστήμης
1375 1513 1661 1545 συνεκτετριπται
1684 1499 1827 1545 γνῶσις,
1846 1494 1903 1535 εἶτ’

169 1555 267 1593 αὖθις
287 1554 337 1591 ἐπ
359 1553 468 1601 αὐτὴν
485 1552 587 1604 ψυχὴ
612 1553 723 1591 πάλιν
749 1552 821 1601 ἥκει
847 1551 911 1599 τήν
930 1569 967 1589 τε
993 1550 1136 1617 μνήμην
1155 1552 1211 1588 καί
1237 1549 1302 1599 τὴν
1324 1553 1386 1599 τῆς
1405 1551 1600 1599 ἐπιστήμης
1619 1550 1817 1600 ἀνάμνησιν
1837 1553 1903 1604 (ἐπ’

170 1609 278 1678 αὐτὴν
303 1608 367 1657 τὴν
386 1608 510 1660 ψυχὴν
535 1609 607 1657 ἥκει
628 1608 721 1647 Vat.
744 1609 794 1646 ἐπ’
816 1608 924 1655 αὐτην
943 1605 1045 1658 ψυχὴ
1065 1607 1144 1644 εἴκει
1168 1606 1289 1645 vind.
1296 1611 1320 1656 )‚
1341 1607 1433 1644 τοῦτ’
1455 1605 1498 1644 ἂν
1523 1624 1573 1654 ειη
1598 1605 1639 1644 τὸ
1665 1608 1721 1644 καί
1747 1611 1906 1655 γενναῖον

170 1682 227 1703 και
253 1663 346 1703 πάνυ
372 1681 405 1702 τι
435 1671 503 1715 (τοι
524 1664 649 1703 Vind.
672 1670 712 1702 et
741 1664 796 1702 Sic
820 1678 868 1716 pl
871 1663 1004 1702 oxime
1030 1662 1099 1707 id.)
1125 1661 1392 1711 θρυλλούμενον
1415 1679 1472 1700 και
1494 1661 1643 1712 ἰσχυρὸν
1662 1665 1708 1702 εὶς
1727 1661 1906 1714 ἀπόδειξιν

170 1725 231 1758 τοῦ
250 1719 521 1770 προὺφεστάναι
540 1737 602 1759 τας
622 1718 743 1771 ψυχὰς
763 1721 833 1756 τῶν
853 1719 1042 1766 σωμάτων.
1075 1718 1158 1755 ἀλλ’
1180 1718 1220 1755 οὐ
1238 1716 1330 1755 πάνυ
1349 1734 1380 1754 τι
1401 1716 1512 1755 τούτω
1532 1734 1573 1766 γε
1591 1733 1815 1766 προσεκτεον,
1834 1720 1906 1769 (και

170 1792 279 1825 προσ.
307 1775 462 1814 Ρη1κιῐ
485 1775 592 1824 Vat.)
613 1777 660 1814 ὡς
678 1775 847 1822 μηδεμιᾶς
872 1772 1035 1822 δηλονότι
1061 1774 1230 1820 μηδαμῶς
1250 1772 1457 1812 άιτιθέσεως
1476 1773 1597 1839 οὔσης.
1629 1770 1721 1822 τάχα
1740 1772 1809 1823 γὰρ
1829 1790 1906 1811 αντι

172 1832 227 1868 καί
247 1832 396 1868 ἀλλοῖον
415 1831 496 1878 ἡμιν
517 1831 653 1882 (ἄλλως
676 1830 734 1877 ἡμ.
760 1830 849 1868 Par.
875 1836 915 1868 et
932 1829 969 1867 ἶ
973 1831 1046 1876 at.)
1068 1827 1289 1897 ὑπρθεμενοις
1309 1829 1365 1865 καὶ
1384 1827 1457 1876 τόγ’
1478 1828 1633 1903 ἐναντίον
1652 1828 1765 1877 ὀρθῶς
1784 1829 1906 1877 ἐκβαίη

173 1885 324 1935 (ἐκβάλη
345 1886 381 1923 x
386 1887 502 1937 ind..)
538 1885 713 1924 ἀθανάτου
744 1884 812 1935 γὰρ
840 1887 901 1952 τῆς
928 1886 1048 1936 ψυχῆς
1077 1884 1186 1932 οὔσης
1211 1884 1268 1921 καί
1293 1884 1344 1920 ἀεὶ
1371 1882 1590 1930 κινουμέῑνηφ
1593 1882 1613 1929 ¹,
1641 1881 1836 1924 ἀθανατους
1863 1883 1906 1932 δή

173 1958 267 1981 τινας
294 1942 351 1978 καὶ
377 1958 438 1981 τας
457 1940 609 1989 κινήσεις
635 1958 691 1978 και
717 1941 886 1990 ἐνεργείας
907 1941 1012 1987 αὐτῆς
1032 1939 1127 1988 είπερ
1147 1955 1282 1985 νοοιμεν
1299 1941 1461 1986 (νοοῦμεν
1483 1938 1570 1976 Par.
1593 1944 1633 1977 et
1656 1938 1693 1976 V
1694 1945 1746 1977 at.
1750 1945 1774 1990 )‚
1795 1940 1906 1989 ὀρθῶς

174 1994 217 2033 ἂν
244 1999 396 2063 νοοῖμεν.
423 1997 459 2034 τί
484 2001 571 2045 γοῦν
596 1996 795 2044 ἐπιστήμην
823 1996 912 2043 ημᾶς
937 1997 993 2033 καί
1020 1994 1143 2041 βούλει
1168 1993 1295 2031 τιθεναι
1322 1993 1494 2059 ενέργειαν
1512 1995 1633 2044 ψυχῆς
1658 1995 1714 2031 καί
1741 2011 1849 2046 ταυτῃ
1867 1995 1909 2047 ἐξ

173 2052 300 2101 ἀρχῆς
319 2052 478 2097 ενοῦσαν,
500 2050 520 2099 57
540 2051 635 2088 ἄλλο
654 2068 686 2088 τι
706 2053 763 2089 καὶ
783 2052 932 2100 ὕστερον
951 2068 1014 2098 μεν
1033 2050 1120 2116 αὐτῇ
1139 2065 1477 2097 προσγεγενημενον,
1496 2048 1668 2098 πρότερον
1687 2047 1723 2086 δε
1743 2054 1805 2088 τοῦ
1824 2067 1907 2088 ταυ-

174 2123 238 2154 την
267 2105 472 2155 ἐγγενεσθαι
501 2109 550 2157 τῷ
578 2106 730 2154 σώματι·
762 2108 819 2144 καὶ
844 2106 881 2143 τί
902 2123 943 2155 γε
971 2105 1064 2143 τοῦθ’
1095 2105 1211 2153 ἕτερον
1235 2102 1333 2153 παρὰ
1360 2103 1424 2151 τὴν
1451 2102 1573 2152 νόησιν
1600 2104 1829 2151 ὑποληπτεον,
1850 2107 1907 2144 καὶ

174 2160 283 2200 πόθεν
308 2160 461 2198 ε’πεισιὸν
486 2145 651 2205 ἄλιλοθεν,
671 2162 806 2202 τελείας
825 2163 887 2208 τῆς
905 2162 1025 2212 ψυχῆς
1044 2160 1163 2207 οὔσης,
1184 2159 1325 2197 τελείων
1344 2160 1400 2196 καί
1426 2162 1497 2196 τῶν
1523 2161 1700 2208 ἐνεργειῶν
1725 2161 1832 2208 αὐτῆς
1850 2164 1907 2200 καὶ

174 2215 371 2264 κινήσεωςξ·
402 2217 484 2253 ἀλλ’
502 2215 600 2253 οὐδὲν
620 2215 662 2254 ἂν
681 2216 772 2267 ε”χοις
791 2220 908 2263 εἰπεῖν,
925 2217 993 2253 οὐδ’
1015 2214 1058 2252 ἂν
1077 2213 1286 2265 ἀποδείξαις.
1320 2217 1348 2252 εἰ
1368 2213 1437 2263 γὰρ
1458 2219 1559 2265 (γοῦν
1576 2215 1667 2253 Vat.
1684 2229 1776 2254 cum
1798 2215 1906 2264 Par.)

176 2272 297 2320 νόησις
316 2270 379 2318 μὲν
398 2271 549 2320 ἐνέργεια
568 2273 698 2322 ψυχῆς,
717 2275 831 2309 πᾶσαι
857 2272 886 2308 δ’
907 2271 1071 2320 ἐνέργειαι
1089 2271 1209 2320 ψυχῆς
1235 2271 1286 2307 ἀεὶ
1312 2269 1513 2317 κινουμένης
1532 2269 1709 2315 ἀθάνατοι,
1729 2271 1906 2320 ἐπιστήμη

217 2375 230 2389 z
253 2370 324 2397 Cod.
340 2370 402 2396 Par.
419 2371 457 2395 καὶ
472 2372 534 2404 γοῦν
548 2370 620 2395 τόνδε
635 2370 661 2395 δέ
677 2380 699 2394 τ.
715 2371 739 2395 λ.

217 2415 231 2429 ³
253 2411 323 2437 (od.
340 2410 403 2437 Par.
419 2410 527 2436 omittit
540 2410 583 2443 μὴ,

217 2449 232 2469 b
255 2450 325 2478 Cod.
343 2451 397 2477 l'ssl'
420 2451 497 2476 αὐτὸν
512 2451 551 2476 καὶ
566 2451 700 2484 ὁριζόντων
714 2461 752 2484 γε.

218 2496 230 2510 ‘⁸
252 2491 322 2518 Cfld.
338 2491 399 2518 Par.
415 2490 493 2517 τοῦτ’.
578 2488 591 2509 ‘l
607 2490 677 2517 Cod.
695 2490 758 2516 Par.
773 2490 841 2515 ἀλλά
854 2501 878 2515 τι
894 2501 923 2524 γε
939 2489 986 2515 καί.

1062 2369 1203 2405 hujusque
1220 2373 1278 2394 not.
1294 2373 1321 2394 et
1339 2368 1442 2395 l’lotin.
1456 2368 1506 2395 Vl.
1522 2377 1547 2404 7.
1563 2377 1607 2402 24.

1101 2407 1129 2427 00
1151 2408 1216 2434 Vid.
1234 2410 1340 2434 Annot.
1358 2408 1386 2435 in
1405 2409 1508 2436 Plotin.
1524 2418 1551 2445 p.
1565 2416 1613 2444 54.
1626 2409 1660 2435 D.

1101 2447 1127 2467 2¹¹
1153 2449 1340 2479 Platonicum,
1357 2458 1388 2475 ex
1406 2449 1533 2476 Pha-dm.
1566 2449 1631 2475 vid.
1648 2459 1674 2485 p,
1693 2457 1756 2485 245.
1771 2450 1803 2477 C.
1821 2452 1844 2483 ξ.
1858 2459 1904 2486 51.

1063 2489 1167 2516 Hcind.
1184 2489 1251 2525 ibiq.
1268 2489 1434 2525 Interprett.
1465 2489 1549 2516 Cous.
1563 2489 1658 2516 Davis.
1675 2490 1709 2516 ad
1726 2490 1818 2517 Cicer.
1834 2491 1905 2518 Tus-

217 2530 245 2551 ‘29
267 2532 284 2558 i.
301 2541 327 2559 e.
353 2531 586 2567 cotffmzderentm·‚
605 2530 839 2565 perturbarentur.
861 2536 892 2556 ut
916 2529 1020 2565 passim

177 2579 315 2608 usurpant
331 2571 433 2608 optimi
449 2571 566 2608 quique.
597 2571 654 2598 Sed
670 2570 792 2597 formula
806 2570 884 2597 varie
900 2576 1023 2597 tractata

179 2619 207 2639 et
222 2613 350 2648 pluribus
366 2612 459 2639 verbis
474 2611 539 2639 addi
554 2611 648 2642 solita,
665 2611 718 2638 vid.
734 2611 866 2646 Xenoph.
878 2611 983 2646 Cyrop.
998 2610 1018 2636 Ι.

179 2661 205 2687 3.
219 2662 245 2687 4.
276 2653 394 2680 Luciani
409 2652 523 2679 Timon.
539 2662 568 2688 p.
584 2661 631 2688 94.
654 2651 745 2678 Vitar.
762 2657 837 2678 auct.
854 2660 880 2687 p.
894 2651 941 2686 96.
958 2650 1019 2686 Bip.

181 2693 291 2719 Platon.
308 2694 396 2729 Gorg.
421 2695 443 2727 ξ.
459 2694 507 2727 64.
533 2694 571 2728 (p.
585 2692 651 2727 482.
678 2702 704 2728 p.
726 2701 788 2727 115.
805 2691 925 2718 Heium
950 2691 1020 2727 ibiq.

179 2733 301 2760 Findeis.
316 2741 344 2760 et
357 2733 460 2760 Heind.
473 2733 608 2760 Phaedon.
625 2742 651 2769 p.
665 2734 713 2769 90.
727 2742 754 2769 p.
769 2740 831 2767 172.
844 2741 903 2768 seq.
916 2731 1020 2758 Heind.

1063 2529 1117 2556 cul.
1136 2530 1215 2565 Disp.
1233 2529 1254 2555 Ι.
1273 2538 1318 2564 23.
1335 2535 1364 2556 et
1380 2530 1584 2566 XVyttenbach.
1605 2530 1640 2557 de
1660 2530 1733 2566 plac.
1749 2531 1904 2559 immortal.

1063 2570 1150 2596 anim.
1166 2570 1200 2596 ad
1218 2570 1352 2596 Phaedon.
1369 2578 1394 2605 p.
1407 2570 1486 2597 XIX.

1101 2615 1112 2629 e
1135 2610 1206 2637 (ὈίῙ.
1223 2611 1285 2637 Par.
1302 2611 1419 2644 ἐξαρχῆς.

1102 2649 1112 2669 f
1133 2650 1203 2677 Cod.
1219 2651 1279 2677 Par.
1296 2650 1425 2683 κινήσεων.
1448 2651 1537 2678 Bene.
1569 2650 1706 2677 Ceterum
1722 2650 1757 2677 de
1772 2650 1904 2679 differen-

1062 2690 1103 2717 tia
1117 2690 1218 2717 harum
1233 2700 1338 2717 vocum
1361 2690 1435 2726 apud
1456 2691 1640 2727 philosophos
1654 2691 1719 2718 vide
1735 2701 1797 2728 quae
1821 2701 1906 2729 supra

1063 2737 1163 2758 annot.
1182 2740 1227 2758 22.
1241 2730 1430 2758 laudavimus.
