2102 3015
799 174 936 211 ΠΡΟΣ
967 174 1254 212 ΠΛΩΤΙΝΟΝ.
1794 188 1865 223 ¹42
1873 188 1894 226 7

162 278 307 318 deest
297 293 339 318 ln
362 278 455 318 Vat.
462 282 474 330 )
496 278 618 328 γέγονε
638 276 758 327 λόγον,
779 278 835 315 καὶ
853 294 942 327 προς
961 294 979 315 ο
999 275 1041 325 δὴ
1060 276 1226 328 πεφυκεν,
1245 278 1286 315 οὐ
1305 277 1368 325 μὲν
1386 279 1465 316 οὖν’1
1485 296 1692 317 σεσωκεναι.
1724 279 1823 317 ἀλλὰ
1842 281 1895 318 δεῖ

161 351 201 383 γε
228 333 337 385 ταύτῃ
363 333 539 381 σώματος,
560 335 596 372 ἐν
622 337 649 385 ᾡ
677 332 719 381 δὴ
746 334 802 371 καὶ
830 331 997 399 γενομένη
1016 336 1089 370 πᾶν
1108 331 1148 370 τὸ
1168 333 1242 370 κατ’
1263 332 1371 380 αὐτην
1389 333 1527 386 πράξει.
1559 337 1611 372 δεῖ
1633 352 1689 372 και
1714 336 1788 382 μεθ
1811 335 1892 373 ὅτου

161 388 205 427 τὰ
227 406 332 440 χειρω
356 406 516 428 πεισεται
542 388 562 438 ἢ
589 387 634 427 τὰ
658 389 798 435 βελτιω,
819 389 864 428 ὡς
884 387 975 439 ἐφθη
996 386 1159 436 δηλονότι
1179 386 1305 435 ἀρετην
1324 387 1345 436 ἢ
1366 405 1487 427 κακιαν
1504 389 1592 437 μετὰ
1611 390 1735 429 τούτου
1752 407 1887 440 κατειρ-

160 444 322 493 γασμένη
344 444 649 494 (κατεργασαμένη
669 443 760 483 Vat.
785 450 827 483 et
849 444 966 492 Pan),
987 444 1043 481 καὶ
1071 441 1092 491 ἦ
1122 446 1193 481 τῶν
1219 442 1416 490 ἡδυνόντων
1441 445 1477 482 ἐν
1505 444 1703 483 ἀπολαύσει
1732 448 1788 483 καὶ
1813 447 1888 484 καθ’

161 501 249 547 ὑμᾶς
270 500 377 548 (ἡμᾶς
397 500 490 539 vat.
513 514 605 539 cunl
628 500 737 550 Par.)
766 498 910 548 γένοιτο,
930 497 951 547 ἦ
977 501 1048 536 τῶν
1072 501 1294 548 σκυθρωπῶν
1318 501 1506 548 πειραθείη,
1527 503 1582 538 καὶ
1605 500 1799 539 ποιούντων
1824 518 1888 539 κα-

161 558 240 601 κῶς,
259 557 331 593 ἐπεὶ
357 556 414 593 καὶ
433 559 508 595 ταῖς
526 554 590 603 μὲν
609 556 757 603 ἀγαθαῖς
776 558 846 592 τῶν
865 556 994 605 ψυχῶν
1013 554 1152 601 ἀμείνω,
1173 557 1247 593 ταῖς
1267 553 1302 591 δὲ
1329 557 1450 594 κακαῖς
1475 557 1681 593 ἀποκεῖσθαι
1701 555 1745 593 τὰ
1772 557 1889 603 κακίω,

161 611 236 648 καθ’
258 611 348 658 ἡμᾶς
363 627 404 660 γε
424 612 480 648 καὶ
498 611 577 658 ὑμῖν
599 610 696 657 (ἡμῖν
718 610 830 658 Vat.)
852 609 1018 655 δέδοκται,
1039 610 1096 647 καὶ
1114 607 1177 649 τάς
1195 625 1236 658 γε
1256 608 1372 648 λύπας
1391 611 1447 646 καὶ
1467 610 1591 657 ἡδονὰς
1610 613 1666 649 καὶ
1692 611 1754 649 εἴτι
1773 616 1888 649 τοιοῦ-

160 682 222 703 τον
241 667 280 703 οὑ
299 667 420 717 ψυχῆς
439 665 481 713 δὴ
500 666 609 714 μόνης
624 665 694 703 οὐδ’
710 665 753 703 αὖ
773 665 947 713 σώματος,
964 666 1045 702 ἀλλ
1062 665 1194 716 ἀμφοῖν
1211 662 1296 702 εῖναι
1316 663 1483 712 λεγομενΙΔ
1485 665 1510 702 s.
1540 665 1637 703 αλλα
1654 684 1758 715 μηπω
1777 671 1889 707 τοῦτο,

161 722 242 758 ἀλλ’
271 738 356 770 οπερ
382 720 549 759 ἐδεδεικτο
578 719 667 758 κατὰ
696 720 807 772 φύσιν
833 724 917 758 εἶναι
942 722 1055 789 ψυχῇ,
1075 719 1300 770 συνεζευχθαι
1326 718 1476 767 σώματι,
1503 737 1558 758 και
1586 720 1635 768 μὴ
1663 721 1892 760 παντάπασιν

161 775 291 814 εθελειν
317 776 423 813 αὐτοῦ
450 776 674 826 κεχωρίσθαι.
707 793 762 814 και
789 775 846 813 διὰ
872 776 962 814 τοῦτ’
984 779 1079 823 οἶμαι
1099 792 1156 813 και
1176 776 1269 822 ὑμεῖς
1289 775 1357 812 ἀεὶ
1376 774 1506 823 ταύτην
1525 776 1575 813 ἐπ’
1598 775 1685 813 αὐτα
1705 775 1746 824 δη
1766 794 1810 814 τα
1832 777 1891 825 (τὰ

162 845 243 870 11011
264 838 325 870 est
345 845 386 869 ln
412 832 499 870 Par.
521 837 562 870 et
583 831 620 869 V
623 835 692 882 dt.)
714 831 865 879 σώματα
882 830 1064 882 στρεφετε,
1083 848 1140 869 και
1160 831 1221 869 οὐκ
1240 830 1360 882 ἀφιετε
1379 829 1509 878 ταύτην
1528 831 1652 877 αὐτῶν,
1668 833 1714 871 ὡς
1733 831 1829 872 ἕκτος
1849 832 1891 880 δὴ

160 886 293 924 τούτων
319 886 453 924 ἄλλοθί
477 903 546 924 που
574 885 622 934 μὴ
652 887 845 934 δυναμένην
870 886 957 934 μηδὲ
984 889 1181 937 πεφυκυῖαν
1204 888 1373 934 μηδαμῶς
1401 886 1593 936 ἵδρυσθαις.
1628 887 1718 924 τοῦτ’
1740 886 1806 935 ἤδη
1835 889 1892 925 καὶ

160 943 235 989 ἐμοὶ
254 941 436 991 πειρατέον
455 940 498 979 ἂν
517 941 578 990 ε’ίη,
596 943 629 982 ἐς
650 941 737 979 ὅσον
757 941 866 980 οἷόντε
886 945 1014 993 σαφῶς
1034 941 1153 993 δεῖξαι,
1174 943 1230 979 καὶ
1250 941 1303 979 ὅτι
1323 958 1363 990 γε
1383 940 1485 993 ψυχὴ
1505 944 1656 979 λυθεῖσα
1674 945 1735 979 τοῦ
1754 959 1887 991 συγγε-

161 996 306 1046 γονότος
326 997 413 1047 αὐτῇ
433 997 610 1044 σώματος.
630 998 680 1035 ἐπ’
703 996 787 1035 αὐτὸ
812 996 854 1045 δὴ
873 1001 986 1043 τοῦτο,
1006 996 1024 1035 ἶ)
1044 998 1101 1034 καὶ
1120 997 1277 1043 ἀπέθετο,
1298 998 1355 1034 καὶ
1384 997 1444 1034 οὐκ
1463 997 1514 1035 ἐπ’
1536 996 1631 1034 ἄλλο
1651 995 1817 1043 ἐπάνεισι,
1837 999 1896 1035 καί

162 1069 201 1102 γε
226 1052 407 1102 πειρατέον
427 1053 499 1090 κατ’
522 1051 628 1092 αὑτὰς
648 1051 689 1101 δὴ
709 1052 837 1092 ταύτας
855 1051 918 1092 τὰς
937 1057 999 1090 τοῦ
1021 1052 1215 1092 Πλάτωνος
1240 1052 1432 1099 ὑποθέσεις,
1452 1053 1509 1090 καὶ
1533 1053 1579 1091 ὡς
1604 1053 1729 1092 ἐκεῖνος
1748 1053 1791 1104 ἐξ
1808 1051 1893 1104 ᾅδου

160 1106 282 1159 ψυχὰς
301 1108 399 1148 αὖθις
418 1107 555 1159 ἐξάγων
576 1107 733 1157 (ἀνάγων
755 1108 843 1147 Par.
865 1114 906 1147 et
922 1108 1037 1157 Vat.)
1059 1108 1170 1156 ἐνίησι
1193 1108 1320 1155 (ἐνίοισι
1340 1107 1483 1159 Vind.)
1503 1107 1681 1155 σώμασιν,
1701 1108 1893 1156 οὐδαμόθεν

161 1161 358 1209 ἄλλοθεν,
342 1181 363 1211 η
384 1164 420 1201 ἐκ
439 1166 510 1201 τῶν
528 1163 727 1201 τεθνεώτων
741 1163 857 1212 λεγων
875 1162 955 1203 τοὺς
975 1163 1104 1213 ζῶντας
1123 1162 1422 1208 ἀναβιώσκεσθαι,
1438 1164 1494 1200 καὶ
1513 1162 1686 1203 τοιαύταις
1706 1164 1760 1201 ἐπὶ
1780 1163 1892 1202 τούτω

161 1222 236 1258 ταῖς
261 1218 485 1270 ἀποδείξεσιν
513 1218 641 1270 ἐφεξῆς
671 1220 747 1256 ἐστι
776 1235 996 1268 κεχρημενος.
1034 1219 1071 1256 ἐκ
1100 1221 1171 1257 τῶν
1200 1219 1374 1265 ἐναντίων,
1401 1221 1523 1269 φησιν,
1551 1218 1686 1267 ἀνάγκη
1715 1220 1894 1268 γίνεσθαιι

161 1275 337 1321 τάναντία,
357 1291 414 1312 και
440 1274 529 1312 τοῦτ’
551 1275 609 1312 ἐπὶ
634 1291 765 1314 παντος
791 1274 887 1325 ἀξιοῖ
909 1275 965 1312 καὶ
991 1291 1047 1312 επι
1071 1272 1191 1322 πάσης
1209 1273 1390 1323 γενέσεως,
1410 1291 1466 1311 και
1484 1274 1617 1321 οὐδαμῆ
1638 1273 1805 1319 βούλεται
1823 1278 1894 1312 τῶν

161 1329 328 1367 τοιούτων
356 1328 454 1367 οὐδὲν
479 1327 664 1379 τυγχάνειν
691 1329 812 1369 ἀλλως
834 1329 1077 1378 γεγενημένον
1109 1346 1165 1367 και
1192 1346 1308 1367 τοινυν
1333 1346 1373 1366 το
1399 1328 1513 1378 μεῖζον
1531 1329 1573 1380 ἐξ
1596 1328 1782 1370 ἐλάττονος
1802 1332 1894 1381 φησὶ

161 1383 332 1434 πρότερον
351 1384 451 1425 ὄντος
470 1385 632 1434 γίνεσθαι
654 1385 856 1433 (γίγνεσθαι
876 1385 971 1424 Vat.
995 1390 1036 1424 et
1058 1385 1167 1436 Pal.)
1188 1383 1313 1433 μεῖζον,
1331 1386 1387 1422 καὶ
1407 1384 1450 1422 αὖ
1469 1385 1663 1422 τούλαττον
1682 1385 1718 1422 ἐκ
1737 1390 1798 1423 τοῦ
1817 1386 1890 1433 μεί-

161 1439 269 1489 ζονος,
289 1457 344 1478 και
364 1439 404 1478 τὸ
425 1440 637 1490 δικαιότερον
655 1440 696 1491 ἐξ
714 1440 932 1490 ἀδικωτερου,
952 1442 1008 1478 καὶ
1026 1439 1066 1478 τὸ
1086 1457 1175 1490 ταχυ
1195 1441 1232 1477 ἐκ
1251 1457 1312 1478 του
1331 1439 1488 1490 βραδεος,
1509 1457 1564 1478 και
1590 1440 1672 1491 ἐξ’
1653 1441 1833 1487 ἀμείνονος
1852 1441 1892 1478 τὸ

162 1499 291 1546 χεῖρον·
323 1513 379 1533 και
401 1496 571 1545 περίεισιν
590 1496 611 1543 ἡ
632 1496 763 1535 θεΗσις
747 1513 802 1533 επι
821 1499 891 1533 τῶν
909 1494 1074 1534 τοιούτων
1094 1496 1280 1546 ἁπανταχῆ
1301 1494 1469 1535 ὡσαύτως
1487 1495 1619 1545 ε’χουσα
1644 1497 1701 1533 καὶ
1725 1495 1769 1533 τὰ
1791 1498 1890 1534 ἐναν-

162 1551 219 1589 τία
245 1552 282 1589 ἐκ
301 1554 372 1588 τῶν
391 1551 554 1588 ἐναντιων
572 1550 763 1601 πεφυκεναι
789 1552 966 1589 δεικνῦσα·
1000 1568 1057 1588 και
1083 1552 1209 1589 δυοῖν’
1197 1550 1311 1589 όντοιν
1329 1549 1472 1589 πάντων
1491 1554 1561 1588 τῶν
1581 1551 1745 1589 ἐναντιων
1763 1551 1895 1603 μεταξύ

162 1606 295 1644 τούτων
314 1605 375 1644 δύο
395 1607 514 1655 τίθησι
535 1623 590 1643 και
609 1605 672 1646 τὰς
690 1623 852 1653 γενεσεις,
869 1605 938 1644 ἀπο
957 1605 1020 1654 μὲν
1040 1610 1101 1644 τοῦ
1121 1606 1237 1655 ἑτερου
1256 1607 1311 1644 ἐπὶ
1330 1605 1370 1644 τὸ
1391 1623 1516 1655 ετερον.
1550 1605 1619 1644 ἀπὸ
1640 1606 1668 1643 δ’
1686 1607 1729 1644 αὖ
1749 1606 1895 1656 θατερου

162 1661 272 1700 πάλιν
297 1662 353 1700 ἐπὶ
379 1660 537 1711 θάτερον·
569 1661 723 1711 μείζονος
742 1660 812 1711 γὰρ
831 1663 888 1699 καὶ
913 1660 1099 1701 ἐλάττονος
1118 1661 1267 1713 αὔξησις
1286 1660 1420 1713 μεταξυ
1439 1663 1495 1699 καὶ
1516 1661 1652 1711 φθισις·
1685 1663 1741 1699 καὶ
1768 1661 1808 1699 τὸ
1831 1661 1894 1709 μὲν

163 1716 379 1769 αυξάνεσθαι
406 1720 514 1763 καλεῖ,
535 1734 575 1754 το
602 1716 637 1754 δε
664 1717 810 1767 φθίνειν,
831 1719 887 1755 καὶ
912 1717 1167 1784 συγκρίνεσθαι
1192 1734 1249 1755 και
1275 1718 1522 1766 διακρίνεσθαι,
1543 1718 1598 1754 καὶ
1627 1715 1809 1768 ψύχεσθαι
1838 1735 1895 1755 και

164 1773 430 1841 θερμαίνεσθαι,
443 1775 499 1810 καὶ
527 1771 644 1810 πάντα
672 1773 772 1819 οὕτω,
793 1770 858 1810 κᾶν
886 1771 935 1820 μὴ
960 1772 1037 1810 ἐστι
1059 1775 1216 1839 χρῆσθαι
1244 1776 1315 1812 τοῖς
1339 1772 1510 1820 ὀνόμασιν
1532 1773 1679 1822 ἐνιαχοῦ.
1714 1772 1804 1836 ἔργω
1825 1772 1895 1840 γὰρ

164 1829 368 1878 ἁπανταχοῦ
389 1829 497 1868 οὕτως
516 1827 606 1895 ἐχειν
626 1829 824 1876 ἀναγκαῖον,
840 1827 1026 1876 γίγνεσθαι
1045 1827 1134 1866 αὐτὰ
1152 1827 1194 1879 ἐξ
1211 1826 1393 1875 ἀλλήλων,
1413 1826 1552 1876 γένεσιν
1571 1844 1608 1864 τε
1628 1831 1713 1865 εἶναι
1732 1845 1894 1878 εκατερου

164 1900 210 1923 εις
229 1883 387 1931 ἄλληλα·
418 1900 475 1921 και
499 1883 615 1921 τοίνυν
633 1886 683 1935 τῷ
709 1882 934 1932 ἐγρηγορεναι
954 1900 994 1920 το
1021 1883 1196 1921 καθεύδειν
1216 1884 1364 1934 φησὶν“
1348 1883 1512 1928 εναντίον,
1533 1884 1589 1920 καὶ
1608 1885 1657 1920 τῶ
1677 1882 1740 1933 ζῇν
1760 1882 1890 1931 δηπου-

165 1941 224 1976 θεν
243 1938 284 1976 τὸ
309 1937 480 1984 τεθνάναι,
501 1956 556 1976 και
583 1939 634 1976 ἐπ’
655 1939 783 1986 ἐκείνης
801 1956 865 1986 μεν
884 1940 946 1986 τῆς
972 1939 1138 1988 συζυγίας
1161 1937 1223 1978 τὰς
1241 1937 1395 1987 γενέσεις
1414 1937 1508 1984 εἶναι,
1529 1937 1599 1976 ἀπο
1624 1955 1687 1985 μεν
1706 1955 1767 1976 του
1787 1940 1890 1988 ἐγρη-

164 1993 304 2043 γορέναι
333 1993 373 2030 τὸ
402 1992 674 2043 καταδαρθάνειν
705 1995 950 2044 (καταδαρθεῖν
970 1993 1062 2033 Vat.
1070 1999 1096 2045 )‚
1121 1992 1191 2031 ἀπὸ
1221 1993 1256 2031 δε
1288 1992 1372 2041 (ἀπὸ
1402 1994 1430 2031 δ’
1452 1994 1495 2031 αὖ
1523 1994 1678 2032 1)ἱὶι·.θῑ
1698 1993 1807 2041 Vat.)
1833 1998 1895 2031 τοῦ

166 2048 342 2087 καθεύδειν
367 2048 408 2086 τὸ
431 2049 683 2098 ἁνεγείρεσθαι·
714 2050 770 2087 ἐπὶ
799 2048 834 2087 δὲ
854 2048 940 2098 ζωῆς
960 2050 1016 2087 καὶ
1042 2047 1203 2094 θανάτου,
1223 2052 1298 2089 πῶς
1317 2047 1387 2087 ἀπὸ
1407 2048 1469 2096 μὲν
1488 2053 1549 2087 τοῦ
1569 2048 1633 2099 ζῇν
1651 2049 1786 2097 γένεσις
1807 2048 1895 2098 πρὸς

165 2104 366 2142 τούναντίον
385 2102 425 2141 τὸ
445 2103 619 2151 θνήσκειν,
638 2103 707 2142 ἀπὸ
727 2103 764 2142 δὲ
782 2109 844 2142 τοῦ
864 2103 1054 2142 τεθνάναι-’Ψ
1071 2104 1168 2144 αὖθις
1187 2103 1227 2142 τὸ
1247 2104 1545 2151 ἀναβιώσκεσθαι,
1566 2105 1622 2142 καὶ
1642 2105 1731 2142 οὕτω
1752 2103 1794 2151 δὴ
1814 2104 1894 2144 τοὺς

165 2162 356 2199 τεθνεῶτας
384 2159 421 2196 ἐκ
449 2162 520 2196 τῶν
548 2158 685 2208 ζώντων
713 2161 826 2211 φησὶν
845 2158 940 2205 εἶναι,
959 2158 1038 2200 τοὺς
1064 2161 1091 2198 δ’
1113 2160 1156 2197 αὖ
1181 2159 1311 2209 ζῶντας
1339 2161 1375 2197 ἐκ
1404 2163 1474 2197 τῶν
1502 2159 1701 2198 τεθνεώτων
1729 2160 1895 2197 τάναντία

166 2215 278 2261 ὄντας,
299 2216 355 2252 καὶ
374 2217 484 2252 ταῦτα
505 2213 582 2261 (μὲν
601 2214 717 2253 addit
738 2215 845 2265 Vat.)
868 2214 909 2263 δὴ
931 2214 1097 2261 Πλάτων,
1118 2216 1174 2253 καὶ
1192 2214 1281 2264 πρὸς
1301 2215 1398 2263 ἡμῶν
1417 2232 1458 2264 γε
1477 2219 1596 2261 ταῦτα,
1617 2217 1671 2253 καὶ
1693 2215 1788 2263 ἡμεῖς
1807 2214 1891 2252 ἑπό-

166 2274 256 2318 μεθα
276 2271 332 2308 καὶ
351 2271 462 2320 ὀρθῶς
482 2269 562 2320 ἔχει.

208 2404 222 2425 ‘l
244 2398 317 2426 Cod.
335 2397 399 2425 Par.
415 2398 545 2431 οὐμενοῦν.
1053 2410 1079 2437 p.
1090 2407 1137 2435 54.
1160 2399 1342 2426 Damaseium
1357 2401 1415 2435 περὶ
1429 2400 1487 2434 ἀρχ.
1500 2409 1527 2436 p.
1542 2408 1605 2434 210.
1629 2398 1754 2425 Μίεῑηιϋ]
1770 2399 1894 2425 l’scllum

207 2437 236 2459 3⁶
251 2439 380 2466 Plotinus
395 2438 423 2465 in
440 2438 527 2465 libro:
544 2438 608 2474 quid
621 2438 727 2471 animal,
741 2439 804 2475 quid
817 2439 891 2467 homo
902 2449 930 2476 p.
942 2449 965 2467 1.
976 2440 1010 2467 A.
1051 2442 1109 2476 περὶ
1122 2442 1226 2466 «ιτιιντοδ.
1241 2440 1310 2466 παιδ.
1327 2446 1396 2467 sect.
1409 2449 1455 2475 44.
1472 2450 1498 2476 ῃ
1517 2449 1579 2475 ¹03·
1604 2440 1645 2467 Ad
1663 2439 1772 2475 reliqua
1787 2439 1821 2465 cs.
1835 2439 1893 2465 Pla-

169 2480 256 2508 Basil.
278 2480 383 2505 Ἠδωνοὶ
397 2480 436 2505 καὶ
448 2478 526 2504 λύπαι
541 2480 620 2513 φόβοι
634 2490 661 2504 τε
677 2480 716 2505 καὶ
731 2479 809 2514 θάρῥη
823 2496 863 2502 --
885 2495 920 2501 -
944 2481 1011 2508 τίνος
1053 2487 1111 2508 ton.
1128 2480 1261 2507 Phaedon.
1278 2490 1304 2517 1).
1322 2480 1384 2514 134.

168 2520 199 2547 ἂν
211 2519 276 2550 εἶεν;
300 2520 313 2553 ἦ
328 2520 378 2554 γὰρ
392 2520 488 2554 ψυχῆς,
504 2519 518 2552 ἦ
540 2521 670 2553 χρωμένης
684 2520 772 2554 ψυχῆς
794 2522 900 2554 σώματι,
921 2521 935 2554 ἢ
957 2522 1011 2556 τρί-
1094 2526 1104 2541 ¹¹
1126 2521 1196 2548 (jod.
1213 2521 1273 2547 Par.
1289 2521 1344 2547 αἰεί.

169 2573 215 2588 του
228 2562 296 2587 τινὸς
312 2561 339 2594 ἐξ
353 2560 449 2594 ἀμφοῖν
464 2570 516 2586 κ.τ.
528 2562 554 2585 λ.
572 2569 634 2595 quae
651 2560 790 2595 excerpsit
806 2560 908 2588 Suidas
922 2561 955 2588 T.
973 2562 1012 2588 ΙΙ.
1094 2566 1104 2581 S
1124 2561 1196 2589 Cod.
1213 2562 1274 2588 Par.
1293 2560 1420 2596 ἶδμύσθιιι.

170 2611 196 2638 p.
209 2602 257 2636 46.
274 2600 356 2627 Kust.
403 2599 557 2626 l'lotiniani
572 2599 626 2627 loci
642 2599 705 2626 fons
720 2606 764 2627 est
778 2600 806 2627 in
825 2601 950 2628 Platonis
964 2602 1010 2629 Ti-
1094 2602 1104 2621 t
1126 2602 1196 2629 Cod.
1214 2602 1274 2628 Par.
1290 2602 1433 2636 γίγνεσθαι.

170 2651 242 2669 maeo
254 2641 385 2677 p.42.A.
408 2640 602 2667 AdTimaeum
620 2640 722 2667 adhibe
737 2641 867 2668 l’roclum
884 2641 912 2668 in
925 2642 1011 2669 Com·
1092 2641 1120 2662 ³⁵7
1142 2642 1228 2672 lWori,
1253 2647 1383 2668 mortuum
1406 2650 1469 2672 esse,
1493 2639 1527 2667 cf.
1549 2639 1691 2676 U'yttenb
1724 2638 1759 2666 ad
1785 2639 1894 2666 Pluton.

170 2688 291 2709 mentar.
310 2691 336 2717 p.
353 2680 419 2716 326.
435 2690 513 2716 seqq.
537 2686 565 2707 et
588 2680 687 2707 confer
708 2690 767 2711 eos,
784 2681 832 2717 qui
855 2690 887 2709 ex
910 2682 1011 2709 eodem
1054 2682 1188 2710 Phaedon.
1203 2691 1229 2718 p.
1247 2690 1308 2716 142.
1325 2690 1404 2716 seqq.

170 2722 249 2749 fonte
264 2732 315 2749 sua
329 2727 411 2758 prata
425 2721 587 2758 irrigarunt,
605 2721 740 2757 l‘orphyr.
757 2721 792 2748 dc
807 2721 918 2749 Abstin.
931 2722 952 2749 I.
966 2731 1012 2758 33.
