2102 3015
722 173 984 210 ΔΙΑΛΟΓΟΣ
1015 174 1133 210 ΠΕΡΙ
1163 176 1358 212 ΨΥΧΗΣ.
1802 187 1901 225 1443

118 247 170 294 46
180 280 232 316 δεῖ
254 280 325 317 τοῖς
351 278 563 329 εὐφρονοῦσι
581 277 747 345 φαῖμεν’
729 290 785 314 αν·
816 275 934 314 οὐδε’
912 293 1009 313 εστιν
1028 277 1141 314 αὐτῶν
1161 278 1306 315 οὐδενι“
1291 296 1326 316 εν
1345 277 1517 326 ἀλλήλοις
1546 280 1623 317 οὕτε
1651 296 1804 330 πασχειν
1823 280 1899 317 οὔτε

180 336 277 381 δρᾶν·
309 351 329 380 η
357 334 384 370 δ
407 333 511 370 οὐσία
537 332 593 370 καὶ
617 331 657 370 τὸ
681 331 815 372 τούτοις
844 329 1093 383 ὑφιστάμενον
1125 331 1249 370 τούτου
1278 332 1313 370 δὲ
1341 334 1438 371 ἐστιν
1464 334 1521 381 ἡ
1510 337 1612 372 πᾶσα
1639 338 1709 372 τῶν
1734 333 1899 373 τοιούτων

179 405 302 437 τροπη.
333 389 422 426 οὕτω
451 405 509 435 μοι
539 388 633 425 δοκεῖ
657 390 798 434 μᾶλλον
816 386 1022 436 ὀρθώτερον·
1054 389 1081 424 εἰ
1106 385 1175 435 γὰρ
1200 386 1248 434 μὴ
1274 389 1363 425 τοῦτ’
1388 389 1448 436 εἰη,
1469 388 1603 438 ἀνάγκη
1633 389 1825 427 ὑποθεσθαι
1854 388 1898 427 τὰ

178 443 274 491 πάθη
293 447 363 481 τῶν
377 441 554 490 σωμάτων
573 444 629 480 καὶ
648 441 736 480 αὐτὰ
754 442 915 490 σώματα·
936 444 1126 489 σκοπῶμεν
1142 440 1179 479 δὲ
1198 442 1238 479 ἵν’
1255 444 1396 489 εἰδῶμεν
1413 444 1440 488 6,
1454 461 1486 481 τι
1506 444 1667 493 λέγομεν.
1690 446 1727 482 ἐκ
1746 443 1809 492 μὲν
1828 444 1897 494 γὰρ

179 501 339 549 αἰσχροῦ,
360 497 476 549 φαμὲν
495 496 580 535 εἶναι
599 495 720 535 καλόν·
740 498 777 535 ἐκ
796 497 919 535 τούτου
939 497 975 535 δὲ
994 497 1037 534 αὐ
1057 495 1219 547 αἰσχρόν·
1242 497 1303 534 οὐκ
1323 498 1428 535 αὑτοῦ
1448 498 1560 546 δήπου
1579 504 1640 537 τοῦ
1661 504 1771 538 καλοῦ
1792 501 1896 550 α’πρε-

178 558 266 594 ποῦς
294 552 489 602 γεγονότος·
519 554 638 602 σχολῆ
658 551 728 602 γὰρ
747 552 790 590 ἂν
809 551 903 590 ἄλλό
929 569 963 590 τι
987 550 1098 590 καλὸν
1117 553 1168 590 ἐπ’
1191 551 1280 592 ἱδεάς
1308 553 1426 599 μείνοι,
1446 558 1507 591 τοῦ
1536 554 1689 594 κάλλους
1718 556 1823 593 αὑτοῦ
1851 558 1897 596 εἷς

178 608 397 660 αἰσχρότητα
415 607 757 678 μεταπεπτωκότρς;
787 607 943 646 οὐδὲτοῦ
962 610 1112 658 αἰσχροῦ
1140 611 1263 646 καλοῦ.
1293 608 1374 644 ἀλλ’
1396 607 1414 645 ὅ
1435 613 1525 659 φησι
1550 611 1607 647 καὶ
1630 610 1836 659 εὐριπίδης19
1879 609 1889 621 “

177 663 227 712 μὴ
247 663 367 710 καλὸν,
388 664 505 702 οὔποτ
526 662 593 714 ε’φυ
612 661 735 700 καλόν.
767 664 848 700 ἀλλ’
870 664 1101 711 ἐνθυμηθηναι
1130 662 1226 700 δεῖ”’
1209 680 1260 700 οτι
1289 663 1383 700 ταῦτ’
1405 663 1455 710 εἰη
1484 664 1519 700 ἐν
1547 665 1686 712 σώματι
1715 682 1771 703 και
1800 666 1897 703 ἐστιν

177 718 343 771 ἀσφαλὲς
363 722 469 757 εἰπεῖν
478 715 641 785 αἰσχρὰν
659 718 843 767 παρθένον,
864 717 927 766 τὴν
946 717 1054 765 αὐτὴν
1074 717 1109 756 δὲ
1129 718 1226 758 αὖθις
1252 718 1416 767 εὐπρεπῆ.
1448 719 1679 766 σημαίνοντος
1697 725 1758 758 τοῦ
1777 720 1896 784 λόγου,

177 791 231 812 οτι
257 773 297 812 τὸ
322 791 386 821 μεν
404 772 515 811 καλὸν
534 774 585 810 ἀεὶ
614 772 703 810 κατὰ
729 772 837 811 ταυτά
866 774 946 824 ἔχει·
979 775 1035 811 καὶ
1064 772 1226 811 οὐδεποτε
1254 772 1470 811 ἀπολείπει
1457 791 1475 811 ο
1495 788 1638 824 κατεχει·
1668 775 1838 824 ἅτρεπτόν
1857 794 1896 825 γε

177 828 294 876 μένον·
326 828 450 866 τούτου
470 827 508 866 δέ
526 845 559 865 τι
577 827 793 868 πεπονθότος
813 846 870 866 και
887 827 1208 876 μεταβεβλημενου,
1228 829 1300 878 οὐχ’
1321 828 1343 876 ἧ
1362 827 1473 866 καλὸν
1492 829 1615 869 ἁπλῶς
1634 831 1714 867 ἀλλ’
1736 831 1757 878 ἧ
1776 834 1893 878 σῶμα

176 883 217 922 τὸ
233 883 296 932 μέν
314 901 347 922 τι
365 885 560 952 ὑπεκχωρεῖ
576 882 735 932 ὑγιεινόν·
756 882 796 922 τὸ
816 884 851 922 δὲ
872 883 1019 936 φθάσαν
1038 885 1192 922 ἐναντίον
1210 901 1251 933 γε
1269 882 1319 929 ὃν,
1340 883 1412 932 ἥκει
1430 882 1518 924 εἶδος
1538 887 1587 922 τῶ
1607 884 1746 932 σώματι
1763 891 1894 924 ποιοῦν·

175 939 342 989 στερήσει
368 938 437 989 γὰρ
457 940 513 977 καὶ
531 938 686 976 ἀπουσια
712 939 789 990 οὐχι
814 943 905 990 μονῇ
931 957 987 977 και
1012 940 1165 987 ἐνδημιά,
1184 940 1322 977 τοῦδε’
1310 938 1419 986 ὄντος,
1439 938 1518 977 τόδε
1536 939 1579 990 ἐξ
1595 940 1708 978 αὐτῶν
1727 941 1894 989 γίγνεται.

175 1012 203 1033 ει
223 995 250 1033 δ’
269 995 309 1032 οὐ
329 998 446 1035 καλῶς
465 995 559 1042 ἡμεῖς
579 992 804 1044 διοριζόμεθα,
819 999 923 1032 τοῦτο
943 994 978 1033 δε
998 1012 1055 1033 και
1074 995 1156 1032 λιαν
1173 994 1394 1034 ἐπικινδύνως
1413 994 1728 1043 ὁμολογήσομεν,’
1711 1012 1763 1033 οτι
1782 996 1897 1064 δεησει

175 1049 220 1088 τὰ
236 1049 332 1098 πάθη
351 1050 485 1096 σώματ’
507 1049 604 1088 εἶναι.
635 1049 728 1087 πάνυ
746 1067 809 1116 μεν
827 1050 888 1088 οὖν
907 1048 934 1088 ὦ
952 1051 1153 1099 πολύκριτε·
1184 1049 1306 1089 ἄλλως
1333 1067 1370 1087 τε
1399 1053 1426 1087 ὠ
1455 1049 1541 1088 καλὲ
1569 1052 1680 1100 ἑταῖρε
1708 1054 1736 1088 εὶ
1764 1053 1820 1089 καὶ
1846 1051 1897 1089 ὅτι

176 1104 323 1152 μάλισθ’
344 1104 438 1143 άπαν
456 1104 658 1143 τουναντίον
676 1104 754 1156 εξ
737 1122 893 1143 εναντιου
917 1107 973 1144 καὶ
1000 1106 1166 1144 ὁπωσουν
1184 1105 1350 1154 γίγνεται,
1370 1106 1439 1143 οὐδ’
1461 1107 1570 1146 οὕτως
1590 1105 1632 1143 ἂν
1651 1106 1671 1153 ἡ
1691 1109 1760 1144 τῶν
1779 1106 1897 1156 λόγων

177 1161 264 1208 αὕτη
283 1161 444 1212 ἔφοδος
427 1178 483 1199 επι
501 1165 563 1199 τοῦ
581 1159 756 1210 παρόντος
773 1165 833 1199 νῦν
853 1161 1029 1211 ἁρμόσειε.
1061 1164 1135 1200 πῶς
1155 1162 1243 1208 δῆτα
1262 1160 1343 1198 οἶει·
1336 1192 1344 1205 ‚
1375 1161 1471 1198 ὡδι
1456 1160 1622 1209 επόμενος
1640 1160 1816 1211 ἀπόκρινε.
1844 1163 1895 1211 ἀρ’

178 1216 239 1254 οὐκ
268 1216 299 1254 εἴ
323 1233 374 1256 τις
401 1215 526 1264 με’λλει
554 1215 755 1256 ἐναντιωσις
784 1214 877 1263 εἶναι,
898 1218 952 1268 ε”φ
974 1217 1023 1254 ἑνὶ
1049 1219 1102 1254 δεῖ
1126 1216 1266 1263 σώματι
1294 1216 1424 1264 ταύτην
1444 1215 1605 1268 ὑπάρξαι,
1625 1215 1721 1265 λέγω
1748 1216 1784 1254 δὲ
1808 1219 1894 1255 τοδί.

116 1275 167 1313 47
179 1270 363 1320 ὑγιεινόντε
382 1273 439 1310 καὶ
457 1274 610 1310 νοσῶδες
628 1269 763 1320 ἀνάγκη
782 1289 851 1310 που
869 1274 904 1310 ἐν
924 1272 1064 1319 σώματι
1087 1270 1184 1309 εἶναι·
1217 1272 1256 1309 οὐ
1274 1270 1315 1309 τὸ
1334 1271 1397 1319 μὲν
1415 1273 1450 1309 ἐν
1470 1273 1568 1310 λίθω·
1598 1271 1638 1310 τὸ
1665 1271 1702 1310 δὲ
1727 1273 1762 1310 ἐν
1782 1275 1893 1323 φυτῶ·

177 1328 260 1364 ἀλλ’
281 1327 389 1378 ἄμφω
408 1331 470 1365 τοῦ
490 1328 595 1365 αὐτοῦ
612 1326 790 1373 σώματος·
821 1326 894 1365 οἷον
913 1327 1112 1377 ἀνθρώπου·
1144 1344 1180 1365 εν
1201 1327 1303 1364 ἄλλω
1328 1344 1446 1374 μεντοι
1475 1329 1531 1365 καὶ
1550 1327 1653 1365 ἄλλω
1672 1326 1798 1378 χρόνω
1827 1329 1898 1366 επεὶ

177 1381 358 1433 ἀμήχανόν
377 1399 416 1432 γε
437 1381 509 1429 ἅμα
528 1382 636 1433 ἄμφω
655 1379 752 1419 εἶναι.
775 1384 890 1431 ἀληθῆ
910 1382 1037 1432 λεγεις.
1069 1383 1193 1420 οὐκοῦν
1210 1382 1349 1450 ἔχοντος
1368 1387 1477 1420 ταῦτα
1496 1400 1557 1420 του
1576 1382 1751 1431 σώματος,
1766 1382 1898 1434 πάσχει

177 1436 326 1504 δηπου
308 1455 393 1475 οταν
411 1437 537 1488 πάσχη
558 1438 612 1475 ὑπ’
633 1437 750 1475 αὐτοῦ.
782 1455 858 1476 εστι
877 1437 947 1488 γὰρ
966 1440 1077 1487 ὀρθῶς
1096 1441 1202 1476 εἰπεῖν
1221 1437 1273 1475 ὅτι
1293 1455 1413 1485 καμνει
1431 1437 1472 1476 τὸ
1491 1441 1598 1486 σῶμα
1616 1455 1672 1475 και
1690 1437 1800 1476 πάλιν
1820 1456 1895 1488 υγι-

177 1509 273 1531 αινει.
300 1496 355 1531 καὶ
374 1493 480 1533 νόσος
498 1511 554 1531 και
573 1493 682 1542 ὑγιεια
700 1497 761 1530 τοῦ
780 1493 885 1531 αὐτου
904 1494 991 1532 ἐστι.
1024 1511 1080 1532 και
1103 1492 1279 1531 ὑπόκειται
1304 1492 1346 1541 δὴ
1370 1494 1537 1544 ἀμφοῖν
1521 1510 1654 1541 επισης.
1684 1495 1792 1533 οὕτως
1819 1494 1897 1561 ἔχει

177 1549 301 1586 οὐκοῦν
320 1548 418 1586 οὐδεν
437 1548 644 1595 θαυμαστὸν
663 1546 741 1585 τόδε
767 1549 803 1586 ἐκ
828 1551 927 1586 τοῦδε
953 1551 988 1587 ἐν
1008 1549 1148 1597 σώματι
1175 1549 1374 1597 γίγνεσθαι·
1404 1547 1518 1596 ἐπειδὴ
1544 1547 1857 1598 ὡμολογήσαμεν
1847 1548 1898 1587 ότι

177 1606 227 1655 τῷ
246 1603 386 1651 σώματι
404 1602 575 1654 προσήκει
594 1606 717 1642 παθεῖν
736 1603 856 1654 ἄμφω.
889 1603 986 1642 οὐδὲν
1005 1603 1050 1644 ὥς
1077 1605 1108 1653 γ’
1130 1604 1204 1651 ἐμοὶ
1223 1606 1326 1642 δοκεῖ.
1358 1604 1397 1642 οὗ
1424 1603 1459 1641 δὲ
1485 1603 1533 1651 μὴ
1559 1603 1656 1641 ἔστιν
1674 1605 1710 1641 ἐν
1728 1606 1770 1652 τῆ
1791 1603 1898 1655 φύσει

177 1658 265 1705 τόδε,
287 1660 356 1696 οὐδ’
377 1659 475 1697 ε”στιν
494 1658 623 1707 ἀληθὲς
648 1662 752 1697 τοῦτο
777 1660 850 1697 κατ’
870 1659 998 1698 ἐκείνου
1021 1661 1148 1710 φῆσαι.
1181 1659 1230 1697 ε”τι
1257 1658 1327 1697 εἰπὲ
1349 1657 1589 1727 σαφέστερον.
1622 1657 1720 1697 οὐδὲν
1737 1660 1899 1698 ποικίλον

177 1713 284 1764 λέγω.
317 1714 415 1752 ἀλλὰ
433 1715 524 1752 τουτ’
540 1713 624 1752 αὐτὸ
643 1730 721 1763 περι
741 1714 780 1752 οὗ
798 1713 1017 1764 τυγχάνομεν
1036 1713 1286 1763 διαλεγόμενοι.
1320 1715 1443 1752 οὐκοῦν
1463 1714 1531 1763 ἄρα
1550 1713 1643 1754 ὅπως
1662 1714 1681 1752 ὁ
1702 1713 1898 1755 Πλάτωνος

178 1769 286 1819 λόγος
305 1787 426 1836 ωσπερ
446 1768 637 1817 αυτόνομος
656 1767 704 1806 ὠν
723 1786 779 1807 και
797 1771 954 1817 μηδενι
939 1785 1096 1808 υπεικων·
1128 1769 1227 1808 ἀλλὰ
1245 1773 1294 1807 τῶ
1314 1769 1386 1807 ὄντι
1405 1769 1585 1817 ὀνομάτων
1604 1786 1641 1807 τε
1661 1787 1717 1807 και
1735 1770 1898 1819 πραγμά-

818 1824 1003 1837 ‚‚‚‚‚

178 1878 434 1948 διαλεγόμενος,
453 1881 514 1918 οὐκ
533 1880 621 1920 ἰσως
647 1879 723 1917 οὐδὲ
751 1883 823 1920 τοῖς
851 1884 1001 1920 πολλοῖς
1029 1881 1156 1928 ὁμοιως
1183 1884 1254 1920 τοῖς
1281 1880 1490 1929 πράγμασιν
1508 1879 1684 1930 ἐχρήσατο
1709 1879 1749 1917 τὸ
1777 1883 1898 1918 οἰκεῖον

178 1934 315 1973 ἑκάστω
335 1950 462 1983 νειμας
493 1936 574 1973 ἀλλ’
597 1935 666 1973 ἱδια
685 1934 868 1983 δυναμει,
856 1952 954 1985 ετερα
973 1934 1101 1986 ἕτεροις
1126 1952 1402 1985 παραμιγνυσιν.
1434 1936 1515 1973 ἀλλ
1537 1934 1634 1973 οὑδεν
1654 1952 1715 1973 νυν
1733 1935 1898 1983 μανθάνω

179 1991 243 2035 ὁ,τι
271 1989 395 2039 λεγεις.
428 1990 522 2039 λέγω
549 1989 590 2038 δὴ
616 1991 777 2035 οὑτωσὶν,
797 1994 824 2028 ὠ
853 1989 1037 2038 τιμόκλεις.
1072 1991 1123 2029 ὅτι
1151 1990 1292 2038 οἰόμεθα
1319 1989 1359 2028 τὸ
1385 1989 1534 2040 αἰσχρὸν
1553 1993 1602 2028 τῶ
1628 1993 1726 2028 καλῶ
1745 1991 1898 2059 ἐναντιρν

179 2044 275 2083 εἰναι·
308 2063 364 2083 και
383 2049 429 2086 εἷς
448 2044 587 2095 γένεσιν
606 2063 689 2084 ιεναι
709 2045 858 2084 ἕκαστον
878 2047 995 2084 αὐτοῖν
1014 2046 1091 2098 ἐξ
1076 2045 1237 2084 εκάστου.
1270 2063 1326 2083 και
1350 2047 1492 2093 άληθῶς
1520 2044 1671 2093 οἰόμεθα.
1704 2046 1827 2084 οὐκοῦν
1847 2046 1898 2084 ὅτι

179 2103 268 2139 εἰσὶν
287 2101 424 2139 ἐναντία
442 2102 478 2138 ἐν
497 2104 546 2138 τῶ
565 2102 657 2138 αὐτῶ
682 2101 821 2148 σώματι
846 2103 902 2139 καὶ
930 2104 982 2139 δεῖ
1001 2088 1110 2140 πάλιν
1129 2100 1246 2150 ἑτέρου
1270 2102 1388 2139 αὑτοῖν
1407 2099 1579 2147 ἀπιόντος,
1599 2099 1745 2150 θάτερον
1765 2101 1896 2149 ὑπομέ-

179 2173 248 2194 νειν
265 2157 301 2193 ἐν
319 2159 368 2193 τῶ
387 2157 480 2194 αὑτῶ
499 2155 649 2203 σώματι,
667 2174 688 2204 ⁷7
706 2157 745 2194 δι’
767 2155 905 2194 ἀλλότι.
939 2157 1000 2195 οὐκ
1019 2156 1116 2195 ἀλλὰ
1135 2156 1192 2194 διὰ
1210 2161 1324 2194 τοῦτο.
1357 2155 1380 2194 ἃ
1397 2155 1440 2204 δὴ
1459 2155 1507 2204 μὴ
1529 2156 1626 2194 ἐστιν
1645 2155 1773 2204 ἀληθες
1792 2160 1897 2194 εἰπεῖν

178 2216 240 2249 τοῦ
259 2212 364 2249 αὑτοῦ
384 2210 478 2257 εἰναι,
498 2212 565 2249 οὐδ’
587 2210 629 2248 ἂν
646 2228 756 2249 ταυτα
774 2212 816 2263 εξ
832 2211 1004 2260 ἀλλήλων
1023 2216 1071 2250 τῶ
1092 2213 1184 2250 αὐτῶ
1203 2228 1371 2261 γιγνοιτο.
1403 2214 1492 2263 φημι
1513 2211 1547 2249 δε
1567 2210 1651 2249 αυτὸ
1671 2212 1777 2249 ἐκεῖνο
1797 2211 1814 2249 6
1835 2212 1895 2261 ζη-

177 2281 316 2314 τουμεν
348 2265 388 2304 τὸ
407 2283 470 2314 μεν
490 2267 596 2306 οὕτως
617 2265 789 2313 ὀνομάσαι
809 2266 993 2315 ἀθάνατον,
1014 2269 1074 2305 οὐκ
1094 2268 1196 2305 ἄλλω
1222 2267 1265 2305 ἂν
1285 2271 1379 2314 οἶμαι
1406 2267 1542 2317 πρέποι,
1560 2265 1582 2315 ἦ
1602 2267 1620 2304 ὁ
1639 2265 1799 2314 μάλιστα
1826 2285 1895 2315 μη-

179 2321 292 2360 δεποτ’
315 2321 357 2360 ἂν
377 2325 422 2361 εἰς
442 2320 580 2387 φθορὰν
599 2321 706 2359 ἀπίοι.
738 2322 791 2370 ἀρ’
813 2323 852 2360 οὐ
878 2340 934 2361 και
959 2325 1018 2360 σοὶ
1043 2324 1151 2363 οὕτως
1177 2325 1288 2360 δοκεῖ·
1282 2353 1290 2368 ,
1322 2323 1423 2360 οὕτω.
1455 2323 1579 2360 οὐκοῦν
1599 2321 1723 2369 ὁμοιως
1748 2321 1837 2360 κατὰ
1855 2322 1899 2360 τὰ

179 2376 267 2415 αὐτα
283 2394 339 2415 και
359 2375 486 2425 θνητὸν
505 2377 611 2413 ἐκεῖνο
630 2393 698 2426 χρη
718 2380 832 2423 εἰπεῖν,
853 2376 870 2415 ὃ
887 2379 1003 2416 οὔποτ’
1020 2378 1063 2415 ἂν
1083 2396 1128 2418 εις
1148 2377 1333 2417 θάνατον
1320 2391 1373 2415 ιοι·
1395 2408 1402 2415 .
1426 2378 1622 2425 ,πείθομαμ
1654 2377 1776 2415 οὐκοῦν
1795 2378 1897 2426 ἡγού-

178 2435 268 2480 μεθα
286 2449 319 2470 τι
339 2436 423 2470 εἶναι
447 2430 583 2480 θνητὸν,
605 2431 698 2469 ἀλλο
724 2430 759 2469 δὲ
785 2431 1004 2480 ἀθάνατον,
988 2452 1009 2482 η
1029 2435 1065 2471 ἐν
1085 2432 1235 2481 ὀνόμασι
1262 2432 1370 2481 μόνον
1381 2433 1513 2499 ἔχομεν
1532 2431 1751 2483 ἐνδειξασθαι
1779 2449 1894 2482 πραγ-

178 2487 299 2535 μάτων
316 2489 537 2537 ἀπορουντες.
570 2485 667 2524 ἀλλὰ
685 2485 820 2534 μήποτε
844 2491 953 2538 μῶροι
978 2488 1066 2529 τινὲς
1092 2487 1257 2541 δόξαιμεν
1276 2489 1347 2539 ουχ’
1370 2488 1553 2538 ἡγούμενοι
1581 2491 1665 2525 εἶναι
1691 2488 1898 2538 ἀμφοτερων

221 2619 246 2641 ¹9
268 2620 402 2648 phoeniss.
420 2621 485 2647 821.
504 2620 599 2655 (827.)
616 2631 621 2647 :
645 2621 674 2646 οὐ
688 2621 737 2655 γὰρ
752 2620 765 2645 ὃ
780 2621 812 2655 μὴ
828 2622 914 2652 καλὸν,
930 2624 1016 2648 οὔποτ’
1059 2624 1266 2650 Commentatt.
1284 2621 1437 2649 Herodott.
1453 2630 1482 2656 p.
1497 2630 1561 2657 ²49·
1579 2630 1619 2656 sq.
1642 2619 1676 2647 ad
1694 2620 1831 2648 Herodot.
1850 2621 1897 2648 vl.

177 2662 228 2696 ἔφυ
247 2663 332 2688 καλόν.
374 2661 416 2688 Ad
438 2661 566 2697 proxima
585 2660 694 2688 faciunt
715 2670 777 2697 quae
801 2661 968 2699 collegimus
989 2663 1017 2689 in
1060 2664 1106 2689 01.
