<?xml version="1.0" encoding="UTF-8"?>
<!DOCTYPE html PUBLIC "-//W3C//DTD XHTML 1.0 Transitional//EN"
    "http://www.w3.org/TR/xhtml1/DTD/xhtml1-transitional.dtd">
<html xmlns="http://www.w3.org/1999/xhtml" xml:lang="en" lang="en">
 <head>
  <title>
</title>
<meta http-equiv="Content-Type" content="text/html;charset=utf-8" />
  <meta name='ocr-system' content='tesseract 3.04.00' />
  <meta name='ocr-capabilities' content='ocr_page ocr_carea ocr_par ocr_line ocrx_word'/>
</head>
<body>
  <div class='ocr_page' id='page_1' title='image "./plotinioperaomni02plotuoft_0857.png"; bbox 0 0 2102 3015; ppageno 0'>
   <div class='ocr_carea' id='block_1_1' title="bbox 100 274 149 309">
    <p class='ocr_par' dir='ltr' id='par_1_1' title="bbox 100 274 149 309">
     <span class='ocr_line' id='line_1_1' title="bbox 100 274 149 309; baseline 0 -8"><span class='ocrx_word' id='word_1_1' title='bbox 100 274 149 309; x_wconf 83' lang='lat'>42</span> 
     </span>
    </p>
   </div>
   <div class='ocr_carea' id='block_1_2' title="bbox 99 1355 148 1392">
    <p class='ocr_par' dir='ltr' id='par_1_2' title="bbox 99 1355 148 1392">
     <span class='ocr_line' id='line_1_2' title="bbox 99 1355 148 1392; baseline 0.061 -3"><span class='ocrx_word' id='word_1_2' title='bbox 99 1355 148 1392; x_wconf 82' lang='lat'>43</span> 
     </span>
    </p>
   </div>
   <div class='ocr_carea' id='block_1_3' title="bbox 703 189 1888 244">
    <p class='ocr_par' dir='ltr' id='par_1_3' title="bbox 703 189 1888 244">
     <span class='ocr_line' id='line_1_3' title="bbox 703 189 1888 244; baseline 0.003 -18"><span class='ocrx_word' id='word_1_3' title='bbox 703 189 968 226; x_wconf 88' lang='grc' dir='ltr'>ΔΙΑΛΟΓΟΣ</span> <span class='ocrx_word' id='word_1_4' title='bbox 998 190 1117 227; x_wconf 92' lang='grc' dir='ltr'>ΠΕΡΙ</span> <span class='ocrx_word' id='word_1_5' title='bbox 1146 192 1341 229; x_wconf 81' lang='grc' dir='ltr'>ΨΥΧΗΣ.</span> <span class='ocrx_word' id='word_1_6' title='bbox 1789 206 1888 244; x_wconf 75' lang='lat'>¹439</span> 
     </span>
    </p>
   </div>
   <div class='ocr_carea' id='block_1_4' title="bbox 158 291 1887 2611">
    <p class='ocr_par' dir='ltr' id='par_1_4' title="bbox 158 291 1887 2611">
     <span class='ocr_line' id='line_1_4' title="bbox 162 291 1883 346; baseline 0.003 -16"><span class='ocrx_word' id='word_1_7' title='bbox 162 293 272 339; x_wconf 88' lang='grc' dir='ltr'>δηλον</span> <span class='ocrx_word' id='word_1_8' title='bbox 290 294 481 333; x_wconf 84' lang='grc' dir='ltr'>πλείστους</span> <span class='ocrx_word' id='word_1_9' title='bbox 501 291 563 341; x_wconf 79' lang='grc' dir='ltr'>μὲν</span> <span class='ocrx_word' id='word_1_10' title='bbox 585 292 744 343; x_wconf 79' lang='grc' dir='ltr'>ἄφρονας</span> <span class='ocrx_word' id='word_1_11' title='bbox 766 293 823 330; x_wconf 80' lang='grc' dir='ltr'>καὶ</span> <span class='ocrx_word' id='word_1_12' title='bbox 845 292 1001 341; x_wconf 78' lang='grc' dir='ltr'>ἠλιθίους</span> <span class='ocrx_word' id='word_1_13' title='bbox 1026 292 1202 341; x_wconf 84' lang='grc' dir='ltr'>ἐπιστήμη</span> <span class='ocrx_word' id='word_1_14' title='bbox 1223 294 1258 332; x_wconf 76' lang='grc' dir='ltr'>δὲ</span> <span class='ocrx_word' id='word_1_15' title='bbox 1283 296 1338 332; x_wconf 77' lang='grc' dir='ltr'>καὶ</span> <span class='ocrx_word' id='word_1_16' title='bbox 1363 295 1535 346; x_wconf 82' lang='grc' dir='ltr'>φρονήσει</span> <span class='ocrx_word' id='word_1_17' title='bbox 1557 295 1785 335; x_wconf 86' lang='grc' dir='ltr'>παντάπασιν</span> <span class='ocrx_word' id='word_1_18' title='bbox 1805 298 1883 335; x_wconf 87' lang='grc' dir='ltr'>ὀλί-</span> 
     </span>
     <span class='ocr_line' id='line_1_5' title="bbox 162 346 1881 400; baseline 0.003 -16"><span class='ocrx_word' id='word_1_19' title='bbox 162 363 246 395; x_wconf 90' lang='grc' dir='ltr'>γους</span> <span class='ocrx_word' id='word_1_20' title='bbox 272 346 350 397; x_wconf 77' lang='grc' dir='ltr'>ζῆν,</span> <span class='ocrx_word' id='word_1_21' title='bbox 374 347 572 400; x_wconf 75' lang='grc' dir='ltr'>καταφανὲς</span> <span class='ocrx_word' id='word_1_22' title='bbox 599 346 692 395; x_wconf 74' lang='grc' dir='ltr'>οἶμαι</span> <span class='ocrx_word' id='word_1_23' title='bbox 723 346 787 385; x_wconf 79' lang='grc' dir='ltr'>ὧδε</span> <span class='ocrx_word' id='word_1_24' title='bbox 814 348 981 397; x_wconf 88' lang='grc' dir='ltr'>γίγνεται.</span> <span class='ocrx_word' id='word_1_25' title='bbox 1015 347 1068 386; x_wconf 82' lang='grc' dir='ltr'>ὅτι</span> <span class='ocrx_word' id='word_1_26' title='bbox 1096 348 1212 386; x_wconf 82' lang='grc' dir='ltr'>ἀλλού</span> <span class='ocrx_word' id='word_1_27' title='bbox 1230 366 1292 387; x_wconf 91' lang='grc' dir='ltr'>του</span> <span class='ocrx_word' id='word_1_28' title='bbox 1311 350 1424 397; x_wconf 75' lang='grc' dir='ltr'>ἥττων</span> <span class='ocrx_word' id='word_1_29' title='bbox 1449 351 1496 388; x_wconf 82' lang='grc' dir='ltr'>ὢν</span> <span class='ocrx_word' id='word_1_30' title='bbox 1522 352 1540 389; x_wconf 89' lang='grc' dir='ltr'><strong>ὁ</strong></span> <span class='ocrx_word' id='word_1_31' title='bbox 1564 351 1672 400; x_wconf 86' lang='grc' dir='ltr'>λόγος</span> <span class='ocrx_word' id='word_1_32' title='bbox 1701 353 1881 390; x_wconf 80' lang='grc' dir='ltr'>δείκνυται.</span> 
     </span>
     <span class='ocr_line' id='line_1_6' title="bbox 162 401 1883 455; baseline 0.003 -15"><span class='ocrx_word' id='word_1_33' title='bbox 162 401 260 441; x_wconf 79' lang='grc' dir='ltr'>οὐδὲν</span> <span class='ocrx_word' id='word_1_34' title='bbox 283 420 353 454; x_wconf 90' lang='grc' dir='ltr'>γαρ</span> <span class='ocrx_word' id='word_1_35' title='bbox 379 404 465 444; x_wconf 78' lang='grc' dir='ltr'>ἴσως</span> <span class='ocrx_word' id='word_1_36' title='bbox 492 403 557 442; x_wconf 76' lang='grc' dir='ltr'>ἔδει</span> <span class='ocrx_word' id='word_1_37' title='bbox 583 402 811 443; x_wconf 82' lang='grc' dir='ltr'>διδασκάλοις</span> <span class='ocrx_word' id='word_1_38' title='bbox 833 403 914 443; x_wconf 77' lang='grc' dir='ltr'>τοὺς</span> <span class='ocrx_word' id='word_1_39' title='bbox 939 402 1034 444; x_wconf 85' lang='grc' dir='ltr'>νεόυς</span> <span class='ocrx_word' id='word_1_40' title='bbox 1056 406 1231 441; x_wconf 82' lang='grc' dir='ltr'>συνιστᾶν</span> <span class='ocrx_word' id='word_1_41' title='bbox 1249 405 1412 454; x_wconf 85' lang='grc' dir='ltr'>χρήματα</span> <span class='ocrx_word' id='word_1_42' title='bbox 1434 407 1651 447; x_wconf 64' lang='grc' dir='ltr'>ἀναλοῦντας</span> <span class='ocrx_word' id='word_1_43' title='bbox 1670 425 1726 445; x_wconf 92' lang='grc' dir='ltr'>και</span> <span class='ocrx_word' id='word_1_44' title='bbox 1745 411 1883 455; x_wconf 89' lang='grc' dir='ltr'>θαυμα-</span> 
     </span>
     <span class='ocr_line' id='line_1_7' title="bbox 162 457 1884 514; baseline 0.003 -19"><span class='ocrx_word' id='word_1_45' title='bbox 162 457 254 506; x_wconf 85' lang='grc' dir='ltr'>στὴν</span> <span class='ocrx_word' id='word_1_46' title='bbox 282 460 405 508; x_wconf 84' lang='grc' dir='ltr'>ἀηδίαν</span> <span class='ocrx_word' id='word_1_47' title='bbox 437 459 631 507; x_wconf 87' lang='grc' dir='ltr'>ὑπομενειν·</span> <span class='ocrx_word' id='word_1_48' title='bbox 665 476 692 496; x_wconf 92' lang='grc' dir='ltr'>ει</span> <span class='ocrx_word' id='word_1_49' title='bbox 721 457 895 508; x_wconf 83' lang='grc' dir='ltr'>αὐτάρκης</span> <span class='ocrx_word' id='word_1_50' title='bbox 922 459 1070 498; x_wconf 82' lang='grc' dir='ltr'>ἕκαστος</span> <span class='ocrx_word' id='word_1_51' title='bbox 1097 461 1167 496; x_wconf 87' lang='grc' dir='ltr'>τῶν</span> <span class='ocrx_word' id='word_1_52' title='bbox 1196 460 1330 497; x_wconf 85' lang='grc' dir='ltr'>παίδων</span> <span class='ocrx_word' id='word_1_53' title='bbox 1359 465 1401 508; x_wconf 86' lang='grc' dir='ltr'>ἠν</span> <span class='ocrx_word' id='word_1_54' title='bbox 1419 465 1547 510; x_wconf 82' lang='grc' dir='ltr'>προῖκα</span> <span class='ocrx_word' id='word_1_55' title='bbox 1571 463 1681 514; x_wconf 75' lang='grc' dir='ltr'>ἑαυτῷ</span> <span class='ocrx_word' id='word_1_56' title='bbox 1703 462 1821 500; x_wconf 78' lang='grc' dir='ltr'>συνὼν</span> <span class='ocrx_word' id='word_1_57' title='bbox 1840 462 1884 501; x_wconf 81' lang='grc' dir='ltr'>τὰ</span> 
     </span>
     <span class='ocr_line' id='line_1_8' title="bbox 161 513 1880 567; baseline 0.003 -16"><span class='ocrx_word' id='word_1_58' title='bbox 161 531 315 562; x_wconf 87' lang='grc' dir='ltr'>μεγιστα</span> <span class='ocrx_word' id='word_1_59' title='bbox 333 517 560 566; x_wconf 86' lang='grc' dir='ltr'>ὠφελεῖσθαι,</span> <span class='ocrx_word' id='word_1_60' title='bbox 578 531 687 552; x_wconf 91' lang='grc' dir='ltr'>καιτοι</span> <span class='ocrx_word' id='word_1_61' title='bbox 704 513 800 552; x_wconf 78' lang='grc' dir='ltr'>πολὺ</span> <span class='ocrx_word' id='word_1_62' title='bbox 817 516 976 564; x_wconf 82' lang='grc' dir='ltr'>προσῆκε</span> <span class='ocrx_word' id='word_1_63' title='bbox 995 513 1138 559; x_wconf 81' lang='grc' dir='ltr'>βελτιον</span> <span class='ocrx_word' id='word_1_64' title='bbox 1156 517 1228 553; x_wconf 86' lang='grc' dir='ltr'>τοῖς</span> <span class='ocrx_word' id='word_1_65' title='bbox 1246 516 1349 552; x_wconf 73' lang='grc' dir='ltr'>παισὶ</span> <span class='ocrx_word' id='word_1_66' title='bbox 1368 518 1438 552; x_wconf 86' lang='grc' dir='ltr'>τῶν</span> <span class='ocrx_word' id='word_1_67' title='bbox 1455 517 1707 567; x_wconf 78' lang='grc' dir='ltr'>πρεσβυτερων</span> <span class='ocrx_word' id='word_1_68' title='bbox 1725 519 1880 566; x_wconf 82' lang='grc' dir='ltr'>ἀναμνη-</span> 
     </span>
     <span class='ocr_line' id='line_1_9' title="bbox 162 568 1884 637; baseline 0.001 -29"><span class='ocrx_word' id='word_1_69' title='bbox 162 572 302 618; x_wconf 82' lang='grc' dir='ltr'>σθῆναι.</span> <span class='ocrx_word' id='word_1_70' title='bbox 335 573 362 608; x_wconf 77' lang='grc' dir='ltr'>εἰ</span> <span class='ocrx_word' id='word_1_71' title='bbox 381 574 453 611; x_wconf 85' lang='grc' dir='ltr'>τοῖς</span> <span class='ocrx_word' id='word_1_72' title='bbox 471 587 534 618; x_wconf 92' lang='grc' dir='ltr'>μεν</span> <span class='ocrx_word' id='word_1_73' title='bbox 553 570 825 618; x_wconf 77' lang='grc' dir='ltr'>ἀναπέπλησται</span> <span class='ocrx_word' id='word_1_74' title='bbox 844 570 865 618; x_wconf 82' lang='grc' dir='ltr'>ἡ</span> <span class='ocrx_word' id='word_1_75' title='bbox 884 568 986 634; x_wconf 77' lang='grc' dir='ltr'>ψυχὴ</span> <span class='ocrx_word' id='word_1_76' title='bbox 1005 569 1076 637; x_wconf 88' lang='grc' dir='ltr'>ηδη</span> <span class='ocrx_word' id='word_1_77' title='bbox 1091 571 1138 610; x_wconf 86' lang='grc' dir='ltr'>ὡς</span> <span class='ocrx_word' id='word_1_78' title='bbox 1156 586 1196 607; x_wconf 95' lang='grc' dir='ltr'>το</span> <span class='ocrx_word' id='word_1_79' title='bbox 1215 568 1303 609; x_wconf 80' lang='grc' dir='ltr'>εἰκὸς</span> <span class='ocrx_word' id='word_1_80' title='bbox 1323 571 1384 617; x_wconf 80' lang='grc' dir='ltr'>τῆς</span> <span class='ocrx_word' id='word_1_81' title='bbox 1403 575 1464 607; x_wconf 82' lang='grc' dir='ltr'>τοῦ</span> <span class='ocrx_word' id='word_1_82' title='bbox 1482 571 1648 619; x_wconf 86' lang='grc' dir='ltr'>σώματος</span> <span class='ocrx_word' id='word_1_83' title='bbox 1666 574 1808 622; x_wconf 85' lang='grc' dir='ltr'>ἀγνοιας</span> <span class='ocrx_word' id='word_1_84' title='bbox 1828 575 1884 611; x_wconf 81' lang='grc' dir='ltr'>καὶ</span> 
     </span>
     <span class='ocr_line' id='line_1_10' title="bbox 162 623 1884 690; baseline 0.002 -27"><span class='ocrx_word' id='word_1_85' title='bbox 162 625 282 675; x_wconf 86' lang='grc' dir='ltr'>πόρρω</span> <span class='ocrx_word' id='word_1_86' title='bbox 312 627 380 663; x_wconf 77' lang='grc' dir='ltr'>εἶσι</span> <span class='ocrx_word' id='word_1_87' title='bbox 408 630 470 664; x_wconf 84' lang='grc' dir='ltr'>τοῦ</span> <span class='ocrx_word' id='word_1_88' title='bbox 494 626 654 671; x_wconf 83' lang='grc' dir='ltr'>βίου·οἱ</span> <span class='ocrx_word' id='word_1_89' title='bbox 683 624 718 662; x_wconf 84' lang='grc' dir='ltr'>δὲ</span> <span class='ocrx_word' id='word_1_90' title='bbox 747 624 881 663; x_wconf 83' lang='grc' dir='ltr'>οὐδεπω</span> <span class='ocrx_word' id='word_1_91' title='bbox 909 628 1026 690; x_wconf 86' lang='grc' dir='ltr'>χεῖρον</span> <span class='ocrx_word' id='word_1_92' title='bbox 1053 625 1173 674; x_wconf 88' lang='grc' dir='ltr'>ἐσχον·</span> <span class='ocrx_word' id='word_1_93' title='bbox 1208 625 1277 662; x_wconf 82' lang='grc' dir='ltr'>οὐδ’</span> <span class='ocrx_word' id='word_1_94' title='bbox 1305 623 1519 663; x_wconf 81' lang='grc' dir='ltr'>ἐπελάθοντο</span> <span class='ocrx_word' id='word_1_95' title='bbox 1546 630 1616 664; x_wconf 86' lang='grc' dir='ltr'>τῶν</span> <span class='ocrx_word' id='word_1_96' title='bbox 1646 628 1810 676; x_wconf 83' lang='grc' dir='ltr'>συνήθων</span> <span class='ocrx_word' id='word_1_97' title='bbox 1836 629 1884 666; x_wconf 87' lang='grc' dir='ltr'>ἐτι</span> 
     </span>
     <span class='ocr_line' id='line_1_11' title="bbox 163 679 1885 731; baseline 0.002 -13"><span class='ocrx_word' id='word_1_98' title='bbox 163 682 430 721; x_wconf 80' lang='grc' dir='ltr'>ἀσθενοῦντος’</span> <span class='ocrx_word' id='word_1_99' title='bbox 413 698 449 719; x_wconf 91' lang='grc' dir='ltr'>εν</span> <span class='ocrx_word' id='word_1_100' title='bbox 467 681 583 720; x_wconf 84' lang='grc' dir='ltr'>αὐτοῖς</span> <span class='ocrx_word' id='word_1_101' title='bbox 601 684 662 718; x_wconf 84' lang='grc' dir='ltr'>τοῦ</span> <span class='ocrx_word' id='word_1_102' title='bbox 681 680 858 727; x_wconf 82' lang='grc' dir='ltr'>σώματος.</span> <span class='ocrx_word' id='word_1_103' title='bbox 892 684 953 718; x_wconf 86' lang='grc' dir='ltr'>νῦν</span> <span class='ocrx_word' id='word_1_104' title='bbox 972 679 1009 718; x_wconf 81' lang='grc' dir='ltr'>δὲ</span> <span class='ocrx_word' id='word_1_105' title='bbox 1028 683 1099 719; x_wconf 86' lang='grc' dir='ltr'>τοῖς</span> <span class='ocrx_word' id='word_1_106' title='bbox 1118 697 1181 727; x_wconf 94' lang='grc' dir='ltr'>μεν</span> <span class='ocrx_word' id='word_1_107' title='bbox 1199 697 1396 729; x_wconf 88' lang='grc' dir='ltr'>μειρακιοις.</span> <span class='ocrx_word' id='word_1_108' title='bbox 1428 679 1526 718; x_wconf 78' lang='grc' dir='ltr'>οὐδὲν</span> <span class='ocrx_word' id='word_1_109' title='bbox 1544 682 1625 731; x_wconf 86' lang='grc' dir='ltr'>περί</span> <span class='ocrx_word' id='word_1_110' title='bbox 1640 700 1675 720; x_wconf 93' lang='grc' dir='ltr'>τε</span> <span class='ocrx_word' id='word_1_111' title='bbox 1701 684 1802 721; x_wconf 84' lang='grc' dir='ltr'>ὀσιου</span> <span class='ocrx_word' id='word_1_112' title='bbox 1827 685 1885 722; x_wconf 87' lang='grc' dir='ltr'>καὶ</span> 
     </span>
     <span class='ocr_line' id='line_1_12' title="bbox 163 734 1879 785; baseline 0.002 -12"><span class='ocrx_word' id='word_1_113' title='bbox 163 740 273 774; x_wconf 84' lang='grc' dir='ltr'>καλου</span> <span class='ocrx_word' id='word_1_114' title='bbox 293 738 349 774; x_wconf 81' lang='grc' dir='ltr'>καὶ</span> <span class='ocrx_word' id='word_1_115' title='bbox 372 736 504 774; x_wconf 87' lang='grc' dir='ltr'>δικαιου</span> <span class='ocrx_word' id='word_1_116' title='bbox 522 753 606 774; x_wconf 91' lang='grc' dir='ltr'>ποτε</span> <span class='ocrx_word' id='word_1_117' title='bbox 633 739 750 775; x_wconf 86' lang='grc' dir='ltr'>καλῶς</span> <span class='ocrx_word' id='word_1_118' title='bbox 772 753 932 785; x_wconf 89' lang='grc' dir='ltr'>παρεστη</span> <span class='ocrx_word' id='word_1_119' title='bbox 951 739 1093 784; x_wconf 88' lang='grc' dir='ltr'>γνῶναι.</span> <span class='ocrx_word' id='word_1_120' title='bbox 1125 735 1194 773; x_wconf 81' lang='grc' dir='ltr'>οὐδ’</span> <span class='ocrx_word' id='word_1_121' title='bbox 1216 734 1339 773; x_wconf 85' lang='grc' dir='ltr'>ἰ’σασιν</span> <span class='ocrx_word' id='word_1_122' title='bbox 1358 752 1391 781; x_wconf 84' lang='lat'>0,</span> <span class='ocrx_word' id='word_1_123' title='bbox 1414 752 1447 773; x_wconf 91' lang='grc' dir='ltr'>τι</span> <span class='ocrx_word' id='word_1_124' title='bbox 1466 736 1580 773; x_wconf 83' lang='grc' dir='ltr'>αὐτῶν</span> <span class='ocrx_word' id='word_1_125' title='bbox 1599 738 1696 775; x_wconf 81' lang='grc' dir='ltr'>ἐστιν</span> <span class='ocrx_word' id='word_1_126' title='bbox 1718 739 1879 777; x_wconf 82' lang='grc' dir='ltr'>ἕκαστον.</span> 
     </span>
     <span class='ocr_line' id='line_1_13' title="bbox 163 789 1886 844; baseline 0.001 -15"><span class='ocrx_word' id='word_1_127' title='bbox 163 793 202 829; x_wconf 82' lang='grc' dir='ltr'>οὐ</span> <span class='ocrx_word' id='word_1_128' title='bbox 222 791 259 829; x_wconf 77' lang='grc' dir='ltr'>δὲ</span> <span class='ocrx_word' id='word_1_129' title='bbox 282 790 447 841; x_wconf 88' lang='grc' dir='ltr'>ῥαδιως</span> <span class='ocrx_word' id='word_1_130' title='bbox 427 809 469 829; x_wconf 90' lang='grc' dir='ltr'>αν</span> <span class='ocrx_word' id='word_1_131' title='bbox 489 789 583 839; x_wconf 74' lang='grc' dir='ltr'>οἶμαι</span> <span class='ocrx_word' id='word_1_132' title='bbox 605 789 724 838; x_wconf 83' lang='grc' dir='ltr'>μάθοι.</span> <span class='ocrx_word' id='word_1_133' title='bbox 755 791 865 831; x_wconf 81' lang='grc' dir='ltr'>ἐνίους</span> <span class='ocrx_word' id='word_1_134' title='bbox 891 790 927 828; x_wconf 88' lang='grc' dir='ltr'>δε</span> <span class='ocrx_word' id='word_1_135' title='bbox 952 808 1008 828; x_wconf 88' lang='grc' dir='ltr'>και</span> <span class='ocrx_word' id='word_1_136' title='bbox 1032 790 1131 839; x_wconf 85' lang='grc' dir='ltr'>μάλα</span> <span class='ocrx_word' id='word_1_137' title='bbox 1158 791 1292 839; x_wconf 82' lang='grc' dir='ltr'>ὀλιγοις</span> <span class='ocrx_word' id='word_1_138' title='bbox 1315 789 1365 831; x_wconf 89' lang='grc' dir='ltr'>οῖς</span> <span class='ocrx_word' id='word_1_139' title='bbox 1384 789 1428 828; x_wconf 72' lang='grc' dir='ltr'>ἂν</span> <span class='ocrx_word' id='word_1_140' title='bbox 1446 807 1541 828; x_wconf 86' lang='grc' dir='ltr'>τουτι</span> <span class='ocrx_word' id='word_1_141' title='bbox 1560 792 1716 840; x_wconf 77' lang='grc' dir='ltr'>τάγαθόν</span> <span class='ocrx_word' id='word_1_142' title='bbox 1735 794 1886 844; x_wconf 79' lang='grc' dir='ltr'>εὐτυχῶς</span> 
     </span>
     <span class='ocr_line' id='line_1_14' title="bbox 161 844 1882 897; baseline 0.002 -13"><span class='ocrx_word' id='word_1_143' title='bbox 161 847 301 896; x_wconf 85' lang='grc' dir='ltr'>παρείη,</span> <span class='ocrx_word' id='word_1_144' title='bbox 323 849 369 886; x_wconf 82' lang='grc' dir='ltr'>εἰς</span> <span class='ocrx_word' id='word_1_145' title='bbox 388 846 428 884; x_wconf 84' lang='grc' dir='ltr'>τὸ</span> <span class='ocrx_word' id='word_1_146' title='bbox 447 845 573 896; x_wconf 88' lang='grc' dir='ltr'>πρόσω</span> <span class='ocrx_word' id='word_1_147' title='bbox 592 849 653 894; x_wconf 82' lang='grc' dir='ltr'>τῆς</span> <span class='ocrx_word' id='word_1_148' title='bbox 673 845 759 895; x_wconf 73' lang='grc' dir='ltr'>ζωῆς</span> <span class='ocrx_word' id='word_1_149' title='bbox 779 849 892 884; x_wconf 81' lang='grc' dir='ltr'>ἰοῦσιν</span> <span class='ocrx_word' id='word_1_150' title='bbox 912 846 1057 896; x_wconf 76' lang='grc' dir='ltr'>ἔρχεται.</span> <span class='ocrx_word' id='word_1_151' title='bbox 1086 844 1180 894; x_wconf 76' lang='grc' dir='ltr'>οἶμαι</span> <span class='ocrx_word' id='word_1_152' title='bbox 1200 845 1235 883; x_wconf 74' lang='grc' dir='ltr'>δὲ</span> <span class='ocrx_word' id='word_1_153' title='bbox 1255 846 1323 884; x_wconf 80' lang='grc' dir='ltr'>οὐδ’</span> <span class='ocrx_word' id='word_1_154' title='bbox 1345 846 1461 886; x_wconf 80' lang='grc' dir='ltr'>αὐτοῖς</span> <span class='ocrx_word' id='word_1_155' title='bbox 1480 847 1671 897; x_wconf 83' lang='grc' dir='ltr'>ἀσφαλῶς,</span> <span class='ocrx_word' id='word_1_156' title='bbox 1695 848 1771 886; x_wconf 78' lang='grc' dir='ltr'>οὐδὲ</span> <span class='ocrx_word' id='word_1_157' title='bbox 1789 866 1882 887; x_wconf 89' lang='grc' dir='ltr'>παν-</span> 
     </span>
     <span class='ocr_line' id='line_1_15' title="bbox 161 900 1881 970; baseline 0.002 -31"><span class='ocrx_word' id='word_1_158' title='bbox 161 900 220 942; x_wconf 82' lang='grc' dir='ltr'>τὸς</span> <span class='ocrx_word' id='word_1_159' title='bbox 238 904 381 949; x_wconf 82' lang='grc' dir='ltr'>μᾶλλον</span> <span class='ocrx_word' id='word_1_160' title='bbox 400 902 509 942; x_wconf 80' lang='grc' dir='ltr'>οὕτως</span> <span class='ocrx_word' id='word_1_161' title='bbox 528 902 608 952; x_wconf 79' lang='grc' dir='ltr'>ἕχον</span> <span class='ocrx_word' id='word_1_162' title='bbox 627 903 673 942; x_wconf 90' lang='grc' dir='ltr'>ὡς</span> <span class='ocrx_word' id='word_1_163' title='bbox 693 903 736 939; x_wconf 82' lang='grc' dir='ltr'>ἀν</span> <span class='ocrx_word' id='word_1_164' title='bbox 755 902 894 941; x_wconf 83' lang='grc' dir='ltr'>ε”κεινοις</span> <span class='ocrx_word' id='word_1_165' title='bbox 913 900 1022 953; x_wconf 77' lang='grc' dir='ltr'>δόξοι.</span> <span class='ocrx_word' id='word_1_166' title='bbox 1055 902 1136 939; x_wconf 83' lang='grc' dir='ltr'>ἀλλ’</span> <span class='ocrx_word' id='word_1_167' title='bbox 1159 900 1231 939; x_wconf 78' lang='grc' dir='ltr'>οῖον</span> <span class='ocrx_word' id='word_1_168' title='bbox 1250 901 1409 939; x_wconf 84' lang='grc' dir='ltr'>ἐνύπνιον</span> <span class='ocrx_word' id='word_1_169' title='bbox 1428 900 1663 951; x_wconf 83' lang='grc' dir='ltr'>ἐγρηγορόσιν</span> <span class='ocrx_word' id='word_1_170' title='bbox 1688 903 1881 970; x_wconf 83' lang='grc' dir='ltr'>ἐφιστάμε-</span> 
     </span>
     <span class='ocr_line' id='line_1_16' title="bbox 162 956 1883 1028; baseline 0.001 -34"><span class='ocrx_word' id='word_1_171' title='bbox 162 974 236 1003; x_wconf 91' lang='grc' dir='ltr'>νον,</span> <span class='ocrx_word' id='word_1_172' title='bbox 259 957 295 994; x_wconf 87' lang='grc' dir='ltr'>ἐν</span> <span class='ocrx_word' id='word_1_173' title='bbox 319 957 431 1006; x_wconf 87' lang='grc' dir='ltr'>ὀλίγω</span> <span class='ocrx_word' id='word_1_174' title='bbox 445 956 684 1028; x_wconf 76' lang='grc' dir='ltr'>ἀποφευγων,</span> <span class='ocrx_word' id='word_1_175' title='bbox 700 957 839 1008; x_wconf 76' lang='grc' dir='ltr'>οἴχεται.</span> <span class='ocrx_word' id='word_1_176' title='bbox 874 957 923 995; x_wconf 86' lang='grc' dir='ltr'>ἐτι</span> <span class='ocrx_word' id='word_1_177' title='bbox 948 956 984 994; x_wconf 88' lang='grc' dir='ltr'>δε</span> <span class='ocrx_word' id='word_1_178' title='bbox 1010 957 1119 996; x_wconf 81' lang='grc' dir='ltr'>οὐδεις</span> <span class='ocrx_word' id='word_1_179' title='bbox 1142 957 1253 994; x_wconf 80' lang='grc' dir='ltr'>οὐδενι</span> <span class='ocrx_word' id='word_1_180' title='bbox 1275 973 1354 1006; x_wconf 93' lang='grc' dir='ltr'>περι</span> <span class='ocrx_word' id='word_1_181' title='bbox 1377 956 1515 996; x_wconf 78' lang='grc' dir='ltr'>οὐδενος</span> <span class='ocrx_word' id='word_1_182' title='bbox 1534 957 1688 995; x_wconf 49' lang='grc' dir='ltr'>οὐδεΗποτ</span> <span class='ocrx_word' id='word_1_183' title='bbox 1710 956 1752 995; x_wconf 77' lang='grc' dir='ltr'>ἂν</span> <span class='ocrx_word' id='word_1_184' title='bbox 1772 959 1883 1010; x_wconf 73' lang='grc' dir='ltr'>ἠμφι-</span> 
     </span>
     <span class='ocr_line' id='line_1_17' title="bbox 161 1011 1885 1063; baseline 0.002 -14"><span class='ocrx_word' id='word_1_185' title='bbox 161 1011 299 1060; x_wconf 80' lang='grc' dir='ltr'>σβήτει,</span> <span class='ocrx_word' id='word_1_186' title='bbox 319 1015 346 1049; x_wconf 83' lang='grc' dir='ltr'>εἶ</span> <span class='ocrx_word' id='word_1_187' title='bbox 373 1011 459 1060; x_wconf 78' lang='grc' dir='ltr'>αὐτη</span> <span class='ocrx_word' id='word_1_188' title='bbox 486 1018 527 1061; x_wconf 87' lang='grc' dir='ltr'>ἠν</span> <span class='ocrx_word' id='word_1_189' title='bbox 551 1013 607 1050; x_wconf 82' lang='grc' dir='ltr'>ἐπὶ</span> <span class='ocrx_word' id='word_1_190' title='bbox 634 1016 725 1051; x_wconf 85' lang='grc' dir='ltr'>πᾶσι</span> <span class='ocrx_word' id='word_1_191' title='bbox 754 1029 817 1050; x_wconf 86' lang='grc' dir='ltr'>του</span> <span class='ocrx_word' id='word_1_192' title='bbox 845 1015 975 1061; x_wconf 86' lang='grc' dir='ltr'>γνῶναι</span> <span class='ocrx_word' id='word_1_193' title='bbox 1004 1012 1230 1062; x_wconf 84' lang='grc' dir='ltr'>ἐπιχείρησις.</span> <span class='ocrx_word' id='word_1_194' title='bbox 1263 1011 1336 1063; x_wconf 80' lang='grc' dir='ltr'>ἐξ</span> <span class='ocrx_word' id='word_1_195' title='bbox 1323 1029 1451 1060; x_wconf 91' lang='grc' dir='ltr'>ομοιων</span> <span class='ocrx_word' id='word_1_196' title='bbox 1469 1011 1539 1061; x_wconf 82' lang='grc' dir='ltr'>γὰρ</span> <span class='ocrx_word' id='word_1_197' title='bbox 1559 1029 1614 1050; x_wconf 88' lang='grc' dir='ltr'>και</span> <span class='ocrx_word' id='word_1_198' title='bbox 1640 1014 1676 1051; x_wconf 84' lang='grc' dir='ltr'>ἐν</span> <span class='ocrx_word' id='word_1_199' title='bbox 1695 1013 1824 1060; x_wconf 84' lang='grc' dir='ltr'>ὁμοιοις</span> <span class='ocrx_word' id='word_1_200' title='bbox 1849 1015 1885 1052; x_wconf 79' lang='grc' dir='ltr'>ἐκ</span> 
     </span>
     <span class='ocr_line' id='line_1_18' title="bbox 160 1065 1887 1136; baseline 0.001 -30"><span class='ocrx_word' id='word_1_201' title='bbox 160 1071 314 1106; x_wconf 83' lang='grc' dir='ltr'>παλαιοῦ</span> <span class='ocrx_word' id='word_1_202' title='bbox 334 1069 396 1115; x_wconf 79' lang='grc' dir='ltr'>τῆς</span> <span class='ocrx_word' id='word_1_203' title='bbox 414 1068 534 1118; x_wconf 83' lang='grc' dir='ltr'>πείρας</span> <span class='ocrx_word' id='word_1_204' title='bbox 554 1068 676 1116; x_wconf 72' lang='grc' dir='ltr'>οὔσης,</span> <span class='ocrx_word' id='word_1_205' title='bbox 699 1068 811 1136; x_wconf 82' lang='grc' dir='ltr'>ὀρθῶς</span> <span class='ocrx_word' id='word_1_206' title='bbox 836 1084 874 1105; x_wconf 88' lang='grc' dir='ltr'>τε</span> <span class='ocrx_word' id='word_1_207' title='bbox 899 1085 955 1105; x_wconf 91' lang='grc' dir='ltr'>και</span> <span class='ocrx_word' id='word_1_208' title='bbox 979 1067 1059 1105; x_wconf 79' lang='grc' dir='ltr'>ἄνευ</span> <span class='ocrx_word' id='word_1_209' title='bbox 1084 1065 1200 1117; x_wconf 80' lang='grc' dir='ltr'>μάχης</span> <span class='ocrx_word' id='word_1_210' title='bbox 1219 1065 1433 1135; x_wconf 81' lang='grc' dir='ltr'>ἐφ77π7-ετο’</span> <span class='ocrx_word' id='word_1_211' title='bbox 1413 1085 1456 1105; x_wconf 92' lang='grc' dir='ltr'>αν</span> <span class='ocrx_word' id='word_1_212' title='bbox 1475 1067 1496 1115; x_wconf 82' lang='grc' dir='ltr'>ἡ</span> <span class='ocrx_word' id='word_1_213' title='bbox 1515 1067 1653 1119; x_wconf 76' lang='grc' dir='ltr'>ψυχη</span> <span class='ocrx_word' id='word_1_214' title='bbox 1637 1067 1800 1106; x_wconf 85' lang='grc' dir='ltr'>εκάστου.</span> <span class='ocrx_word' id='word_1_215' title='bbox 1831 1071 1887 1107; x_wconf 81' lang='grc' dir='ltr'>καὶ</span> 
     </span>
     <span class='ocr_line' id='line_1_19' title="bbox 160 1121 1887 1189; baseline 0.001 -29"><span class='ocrx_word' id='word_1_216' title='bbox 160 1122 304 1161; x_wconf 80' lang='grc' dir='ltr'>πάντων</span> <span class='ocrx_word' id='word_1_217' title='bbox 332 1121 405 1171; x_wconf 82' lang='grc' dir='ltr'>ἅμα</span> <span class='ocrx_word' id='word_1_218' title='bbox 434 1123 474 1160; x_wconf 83' lang='grc' dir='ltr'>οὑ</span> <span class='ocrx_word' id='word_1_219' title='bbox 499 1122 611 1161; x_wconf 85' lang='grc' dir='ltr'>πάλαι</span> <span class='ocrx_word' id='word_1_220' title='bbox 638 1140 722 1161; x_wconf 91' lang='grc' dir='ltr'>ποτε</span> <span class='ocrx_word' id='word_1_221' title='bbox 751 1123 835 1173; x_wconf 81' lang='grc' dir='ltr'>ε”σχε</span> <span class='ocrx_word' id='word_1_222' title='bbox 860 1139 924 1170; x_wconf 87' lang='grc' dir='ltr'>την</span> <span class='ocrx_word' id='word_1_223' title='bbox 950 1123 1128 1173; x_wconf 80' lang='grc' dir='ltr'>ἀκρίβειαν</span> <span class='ocrx_word' id='word_1_224' title='bbox 1146 1124 1220 1189; x_wconf 43' lang='grc' dir='ltr'>’,τῆς</span> <span class='ocrx_word' id='word_1_225' title='bbox 1239 1123 1376 1169; x_wconf 81' lang='grc' dir='ltr'>οὐσίας,</span> <span class='ocrx_word' id='word_1_226' title='bbox 1398 1121 1546 1171; x_wconf 91' lang='grc' dir='ltr'>μηδενος</span> <span class='ocrx_word' id='word_1_227' title='bbox 1568 1122 1702 1175; x_wconf 76' lang='grc' dir='ltr'>μεταξὺ</span> <span class='ocrx_word' id='word_1_228' title='bbox 1725 1123 1887 1171; x_wconf 81' lang='grc' dir='ltr'>ἐμποδὼν</span> 
     </span>
     <span class='ocr_line' id='line_1_20' title="bbox 161 1176 1887 1230; baseline 0 -13"><span class='ocrx_word' id='word_1_229' title='bbox 161 1179 271 1219; x_wconf 83' lang='grc' dir='ltr'>ὄντος.</span> <span class='ocrx_word' id='word_1_230' title='bbox 305 1196 324 1216; x_wconf 95' lang='grc' dir='ltr'>ο</span> <span class='ocrx_word' id='word_1_231' title='bbox 349 1178 515 1226; x_wconf 84' lang='grc' dir='ltr'>διεστησε</span> <span class='ocrx_word' id='word_1_232' title='bbox 539 1177 602 1218; x_wconf 78' lang='grc' dir='ltr'>τὰς</span> <span class='ocrx_word' id='word_1_233' title='bbox 621 1178 774 1227; x_wconf 84' lang='grc' dir='ltr'>γνώμας.</span> <span class='ocrx_word' id='word_1_234' title='bbox 808 1176 923 1226; x_wconf 86' lang='grc' dir='ltr'>ἐπειδη</span> <span class='ocrx_word' id='word_1_235' title='bbox 944 1177 1015 1216; x_wconf 86' lang='grc' dir='ltr'>δε’</span> <span class='ocrx_word' id='word_1_236' title='bbox 999 1195 1097 1216; x_wconf 91' lang='grc' dir='ltr'>εστιν</span> <span class='ocrx_word' id='word_1_237' title='bbox 1116 1178 1177 1215; x_wconf 82' lang='grc' dir='ltr'>οὐκ</span> <span class='ocrx_word' id='word_1_238' title='bbox 1201 1177 1346 1227; x_wconf 86' lang='grc' dir='ltr'>ἀγεννής</span> <span class='ocrx_word' id='word_1_239' title='bbox 1364 1195 1416 1218; x_wconf 91' lang='grc' dir='ltr'>τις</span> <span class='ocrx_word' id='word_1_240' title='bbox 1439 1178 1508 1216; x_wconf 81' lang='grc' dir='ltr'>οὐδ’</span> <span class='ocrx_word' id='word_1_241' title='bbox 1530 1178 1867 1230; x_wconf 83' lang='grc' dir='ltr'>εὐκαταφρόνητος</span> <span class='ocrx_word' id='word_1_242' title='bbox 1851 1197 1887 1217; x_wconf 83' lang='grc' dir='ltr'>εν</span> 
     </span>
     <span class='ocr_line' id='line_1_21' title="bbox 161 1232 1886 1283; baseline 0.001 -12"><span class='ocrx_word' id='word_1_243' title='bbox 161 1233 335 1282; x_wconf 85' lang='grc' dir='ltr'>ἀλλήλοις</span> <span class='ocrx_word' id='word_1_244' title='bbox 358 1233 426 1283; x_wconf 81' lang='grc' dir='ltr'>ε’ρις</span> <span class='ocrx_word' id='word_1_245' title='bbox 450 1234 617 1272; x_wconf 86' lang='grc' dir='ltr'>τάναντια</span> <span class='ocrx_word' id='word_1_246' title='bbox 640 1233 907 1282; x_wconf 75' lang='grc' dir='ltr'>διανοουμενοις,</span> <span class='ocrx_word' id='word_1_247' title='bbox 930 1234 985 1270; x_wconf 84' lang='grc' dir='ltr'>ἐπὶ</span> <span class='ocrx_word' id='word_1_248' title='bbox 1007 1236 1079 1273; x_wconf 87' lang='grc' dir='ltr'>τοῖς</span> <span class='ocrx_word' id='word_1_249' title='bbox 1102 1232 1269 1271; x_wconf 87' lang='grc' dir='ltr'>ἑκάστοτε</span> <span class='ocrx_word' id='word_1_250' title='bbox 1290 1232 1521 1282; x_wconf 74' lang='grc' dir='ltr'>ζητουμενοις,</span> <span class='ocrx_word' id='word_1_251' title='bbox 1544 1235 1594 1283; x_wconf 85' lang='grc' dir='ltr'>ἀρ’</span> <span class='ocrx_word' id='word_1_252' title='bbox 1617 1235 1656 1271; x_wconf 84' lang='grc' dir='ltr'>οὑ</span> <span class='ocrx_word' id='word_1_253' title='bbox 1680 1234 1886 1282; x_wconf 88' lang='grc' dir='ltr'>θαυμαστόν</span> 
     </span>
     <span class='ocr_line' id='line_1_22' title="bbox 161 1287 1886 1341; baseline 0 -14"><span class='ocrx_word' id='word_1_254' title='bbox 161 1306 221 1327; x_wconf 91' lang='grc' dir='ltr'>σοι</span> <span class='ocrx_word' id='word_1_255' title='bbox 246 1292 406 1340; x_wconf 86' lang='grc' dir='ltr'>φανεῖται</span> <span class='ocrx_word' id='word_1_256' title='bbox 432 1306 459 1326; x_wconf 89' lang='grc' dir='ltr'>ει</span> <span class='ocrx_word' id='word_1_257' title='bbox 487 1290 591 1338; x_wconf 84' lang='grc' dir='ltr'>ὑγιῶς</span> <span class='ocrx_word' id='word_1_258' title='bbox 618 1291 724 1327; x_wconf 87' lang='grc' dir='ltr'>ἐκεῖνο</span> <span class='ocrx_word' id='word_1_259' title='bbox 752 1289 831 1341; x_wconf 76' lang='grc' dir='ltr'>ἕξει,</span> <span class='ocrx_word' id='word_1_260' title='bbox 851 1288 888 1326; x_wconf 89' lang='grc' dir='ltr'>τί</span> <span class='ocrx_word' id='word_1_261' title='bbox 913 1287 1052 1328; x_wconf 81' lang='grc' dir='ltr'>κύπτεις</span> <span class='ocrx_word' id='word_1_262' title='bbox 1078 1287 1105 1325; x_wconf 87' lang='grc' dir='ltr'>ὠ</span> <span class='ocrx_word' id='word_1_263' title='bbox 1129 1287 1322 1336; x_wconf 86' lang='grc' dir='ltr'>τιμόκλεις;</span> <span class='ocrx_word' id='word_1_264' title='bbox 1355 1293 1376 1336; x_wconf 88' lang='grc' dir='ltr'>ἠ</span> <span class='ocrx_word' id='word_1_265' title='bbox 1395 1306 1464 1327; x_wconf 85' lang='grc' dir='ltr'>που</span> <span class='ocrx_word' id='word_1_266' title='bbox 1489 1306 1532 1336; x_wconf 89' lang='grc' dir='ltr'>με</span> <span class='ocrx_word' id='word_1_267' title='bbox 1558 1293 1765 1338; x_wconf 89' lang='grc' dir='ltr'>καταγελῶν</span> <span class='ocrx_word' id='word_1_268' title='bbox 1784 1307 1886 1339; x_wconf 79' lang='grc' dir='ltr'>πειρα</span> 
     </span>
     <span class='ocr_line' id='line_1_23' title="bbox 161 1342 1886 1395; baseline 0 -12"><span class='ocrx_word' id='word_1_269' title='bbox 161 1343 367 1391; x_wconf 88' lang='grc' dir='ltr'>λανθάνειν;</span> <span class='ocrx_word' id='word_1_270' title='bbox 401 1343 520 1395; x_wconf 83' lang='grc' dir='ltr'>θάρρει</span> <span class='ocrx_word' id='word_1_271' title='bbox 546 1361 670 1382; x_wconf 90' lang='grc' dir='ltr'>τουτου</span> <span class='ocrx_word' id='word_1_272' title='bbox 696 1344 807 1382; x_wconf 80' lang='grc' dir='ltr'>εἵνεκα</span> <span class='ocrx_word' id='word_1_273' title='bbox 832 1342 940 1392; x_wconf 85' lang='grc' dir='ltr'>μόνον</span> <span class='ocrx_word' id='word_1_274' title='bbox 963 1344 1034 1392; x_wconf 89' lang='grc' dir='ltr'>είμε</span> <span class='ocrx_word' id='word_1_275' title='bbox 1060 1345 1121 1392; x_wconf 83' lang='grc' dir='ltr'>τῆς</span> <span class='ocrx_word' id='word_1_276' title='bbox 1146 1344 1293 1394; x_wconf 88' lang='grc' dir='ltr'>ἀποριας</span> <span class='ocrx_word' id='word_1_277' title='bbox 1317 1343 1566 1384; x_wconf 81' lang='grc' dir='ltr'>ἀπαλλάττεις.</span> <span class='ocrx_word' id='word_1_278' title='bbox 1602 1348 1629 1382; x_wconf 86' lang='grc' dir='ltr'>ὥ</span> <span class='ocrx_word' id='word_1_279' title='bbox 1653 1343 1796 1393; x_wconf 86' lang='grc' dir='ltr'>δαιμόνι’</span> <span class='ocrx_word' id='word_1_280' title='bbox 1817 1345 1886 1394; x_wconf 82' lang='grc' dir='ltr'>ἐγὼ</span> 
     </span>
     <span class='ocr_line' id='line_1_24' title="bbox 159 1397 1883 1452; baseline 0 -14"><span class='ocrx_word' id='word_1_281' title='bbox 159 1399 232 1448; x_wconf 72' lang='grc' dir='ltr'>μὲν,</span> <span class='ocrx_word' id='word_1_282' title='bbox 253 1398 308 1446; x_wconf 77' lang='grc' dir='ltr'>οἱ),</span> <span class='ocrx_word' id='word_1_283' title='bbox 330 1400 406 1438; x_wconf 83' lang='grc' dir='ltr'>ἐπεί</span> <span class='ocrx_word' id='word_1_284' title='bbox 421 1416 463 1447; x_wconf 90' lang='grc' dir='ltr'>με</span> <span class='ocrx_word' id='word_1_285' title='bbox 490 1401 545 1437; x_wconf 76' lang='grc' dir='ltr'>καὶ</span> <span class='ocrx_word' id='word_1_286' title='bbox 571 1399 676 1438; x_wconf 82' lang='grc' dir='ltr'>αὐτὸν</span> <span class='ocrx_word' id='word_1_287' title='bbox 695 1399 792 1438; x_wconf 72' lang='grc' dir='ltr'>ε”στιν</span> <span class='ocrx_word' id='word_1_288' title='bbox 811 1397 834 1437; x_wconf 80' lang='grc' dir='ltr'>ἃ</span> <span class='ocrx_word' id='word_1_289' title='bbox 858 1401 1004 1449; x_wconf 83' lang='grc' dir='ltr'>θορυβεῖ</span> <span class='ocrx_word' id='word_1_290' title='bbox 1021 1402 1092 1437; x_wconf 84' lang='grc' dir='ltr'>τῶν</span> <span class='ocrx_word' id='word_1_291' title='bbox 1117 1398 1314 1449; x_wconf 73' lang='grc' dir='ltr'>εἰρημένων.</span> <span class='ocrx_word' id='word_1_292' title='bbox 1347 1401 1404 1437; x_wconf 79' lang='grc' dir='ltr'>καὶ</span> <span class='ocrx_word' id='word_1_293' title='bbox 1429 1400 1491 1437; x_wconf 82' lang='grc' dir='ltr'>οὐκ</span> <span class='ocrx_word' id='word_1_294' title='bbox 1510 1399 1579 1450; x_wconf 71' lang='grc' dir='ltr'>ε”χω</span> <span class='ocrx_word' id='word_1_295' title='bbox 1599 1399 1694 1440; x_wconf 80' lang='grc' dir='ltr'>ὅπως</span> <span class='ocrx_word' id='word_1_296' title='bbox 1713 1403 1783 1452; x_wconf 82' lang='grc' dir='ltr'>φῶ·</span> <span class='ocrx_word' id='word_1_297' title='bbox 1814 1400 1883 1449; x_wconf 86' lang='grc' dir='ltr'>μή-</span> 
     </span>
     <span class='ocr_line' id='line_1_25' title="bbox 159 1453 1886 1523; baseline 0 -30"><span class='ocrx_word' id='word_1_298' title='bbox 159 1472 264 1494; x_wconf 86' lang='grc' dir='ltr'>ποισε</span> <span class='ocrx_word' id='word_1_299' title='bbox 284 1457 340 1493; x_wconf 78' lang='grc' dir='ltr'>καὶ</span> <span class='ocrx_word' id='word_1_300' title='bbox 358 1456 505 1505; x_wconf 87' lang='grc' dir='ltr'>μετρίως</span> <span class='ocrx_word' id='word_1_301' title='bbox 523 1456 646 1523; x_wconf 78' lang='grc' dir='ltr'>ἡφθαι·</span> <span class='ocrx_word' id='word_1_302' title='bbox 678 1457 763 1506; x_wconf 84' lang='grc' dir='ltr'>ῥᾶον</span> <span class='ocrx_word' id='word_1_303' title='bbox 782 1456 809 1493; x_wconf 91' lang='grc' dir='ltr'>δ’</span> <span class='ocrx_word' id='word_1_304' title='bbox 832 1454 874 1492; x_wconf 75' lang='grc' dir='ltr'>ἄν</span> <span class='ocrx_word' id='word_1_305' title='bbox 893 1472 935 1502; x_wconf 95' lang='grc' dir='ltr'>με</span> <span class='ocrx_word' id='word_1_306' title='bbox 955 1453 1198 1503; x_wconf 87' lang='grc' dir='ltr'>καταστήσαις</span> <span class='ocrx_word' id='word_1_307' title='bbox 1222 1455 1373 1492; x_wconf 82' lang='grc' dir='ltr'>ἕπεσθαί</span> <span class='ocrx_word' id='word_1_308' title='bbox 1388 1472 1447 1492; x_wconf 91' lang='grc' dir='ltr'>σοι</span> <span class='ocrx_word' id='word_1_309' title='bbox 1467 1472 1494 1492; x_wconf 95' lang='grc' dir='ltr'>ει</span> <span class='ocrx_word' id='word_1_310' title='bbox 1514 1472 1570 1492; x_wconf 91' lang='grc' dir='ltr'>και</span> <span class='ocrx_word' id='word_1_311' title='bbox 1589 1455 1638 1493; x_wconf 78' lang='grc' dir='ltr'>ε”τι</span> <span class='ocrx_word' id='word_1_312' title='bbox 1657 1459 1818 1505; x_wconf 82' lang='grc' dir='ltr'>χορηγεῖς</span> <span class='ocrx_word' id='word_1_313' title='bbox 1837 1459 1886 1493; x_wconf 86' lang='grc' dir='ltr'>τῶ</span> 
     </span>
     <span class='ocr_line' id='line_1_26' title="bbox 161 1509 1882 1561; baseline 0.001 -13"><span class='ocrx_word' id='word_1_314' title='bbox 161 1510 282 1560; x_wconf 70' lang='grc' dir='ltr'>λόγως</span> <span class='ocrx_word' id='word_1_315' title='bbox 311 1512 508 1560; x_wconf 84' lang='grc' dir='ltr'>προθυμίας</span> <span class='ocrx_word' id='word_1_316' title='bbox 526 1511 590 1559; x_wconf 79' lang='grc' dir='ltr'>μὲν</span> <span class='ocrx_word' id='word_1_317' title='bbox 609 1511 645 1548; x_wconf 85' lang='grc' dir='ltr'>εὐ</span> <span class='ocrx_word' id='word_1_318' title='bbox 664 1511 738 1549; x_wconf 90' lang='grc' dir='ltr'>ίσθι</span> <span class='ocrx_word' id='word_1_319' title='bbox 758 1509 857 1548; x_wconf 79' lang='grc' dir='ltr'>οὐδὲν</span> <span class='ocrx_word' id='word_1_320' title='bbox 876 1510 1102 1561; x_wconf 79' lang='grc' dir='ltr'>λελείψομαι.</span> <span class='ocrx_word' id='word_1_321' title='bbox 1134 1527 1174 1548; x_wconf 94' lang='grc' dir='ltr'>το</span> <span class='ocrx_word' id='word_1_322' title='bbox 1197 1509 1261 1558; x_wconf 78' lang='grc' dir='ltr'>μέν</span> <span class='ocrx_word' id='word_1_323' title='bbox 1279 1527 1333 1548; x_wconf 88' lang='grc' dir='ltr'>τοι</span> <span class='ocrx_word' id='word_1_324' title='bbox 1352 1511 1529 1559; x_wconf 87' lang='grc' dir='ltr'>ἐπίταγμα</span> <span class='ocrx_word' id='word_1_325' title='bbox 1549 1509 1567 1548; x_wconf 84' lang='grc' dir='ltr'>’ὸ</span> <span class='ocrx_word' id='word_1_326' title='bbox 1587 1510 1749 1557; x_wconf 82' lang='grc' dir='ltr'>κελεύεις,</span> <span class='ocrx_word' id='word_1_327' title='bbox 1771 1516 1882 1561; x_wconf 90' lang='grc' dir='ltr'>χαλε-</span> 
     </span>
     <span class='ocr_line' id='line_1_27' title="bbox 159 1563 1886 1633; baseline -0.001 -29"><span class='ocrx_word' id='word_1_328' title='bbox 159 1566 228 1604; x_wconf 85' lang='grc' dir='ltr'>πὸν</span> <span class='ocrx_word' id='word_1_329' title='bbox 249 1583 304 1604; x_wconf 89' lang='grc' dir='ltr'>και</span> <span class='ocrx_word' id='word_1_330' title='bbox 333 1567 373 1604; x_wconf 82' lang='grc' dir='ltr'>οὐ</span> <span class='ocrx_word' id='word_1_331' title='bbox 397 1567 532 1616; x_wconf 84' lang='grc' dir='ltr'>ῥᾶστον</span> <span class='ocrx_word' id='word_1_332' title='bbox 557 1570 670 1633; x_wconf 84' lang='grc' dir='ltr'>σχεῖν.</span> <span class='ocrx_word' id='word_1_333' title='bbox 701 1565 798 1614; x_wconf 88' lang='grc' dir='ltr'>πλὴν</span> <span class='ocrx_word' id='word_1_334' title='bbox 823 1566 885 1603; x_wconf 83' lang='grc' dir='ltr'>οὑκ</span> <span class='ocrx_word' id='word_1_335' title='bbox 911 1565 1125 1614; x_wconf 89' lang='grc' dir='ltr'>ἀποκνητεον</span> <span class='ocrx_word' id='word_1_336' title='bbox 1150 1563 1249 1612; x_wconf 82' lang='grc' dir='ltr'>εἶναι,</span> <span class='ocrx_word' id='word_1_337' title='bbox 1272 1566 1355 1603; x_wconf 87' lang='grc' dir='ltr'>ἀλλ</span> <span class='ocrx_word' id='word_1_338' title='bbox 1382 1565 1628 1616; x_wconf 87' lang='grc' dir='ltr'>ἐπιχειρητεον,</span> <span class='ocrx_word' id='word_1_339' title='bbox 1651 1566 1734 1604; x_wconf 89' lang='grc' dir='ltr'>ενθα</span> <span class='ocrx_word' id='word_1_340' title='bbox 1760 1567 1778 1603; x_wconf 88' lang='grc' dir='ltr'>ὁ</span> <span class='ocrx_word' id='word_1_341' title='bbox 1808 1565 1886 1608; x_wconf 80' lang='grc' dir='ltr'>θεὸς</span> 
     </span>
     <span class='ocr_line' id='line_1_28' title="bbox 160 1619 1885 1673; baseline 0 -14"><span class='ocrx_word' id='word_1_342' title='bbox 160 1620 264 1662; x_wconf 80' lang='grc' dir='ltr'>αὐτὸς</span> <span class='ocrx_word' id='word_1_343' title='bbox 296 1622 489 1673; x_wconf 84' lang='grc' dir='ltr'>ὑφηγεῖται.</span> <span class='ocrx_word' id='word_1_344' title='bbox 524 1639 648 1672; x_wconf 89' lang='grc' dir='ltr'>πρεπει</span> <span class='ocrx_word' id='word_1_345' title='bbox 678 1621 714 1660; x_wconf 83' lang='grc' dir='ltr'>δὲ</span> <span class='ocrx_word' id='word_1_346' title='bbox 744 1622 781 1659; x_wconf 84' lang='grc' dir='ltr'>ἐκ</span> <span class='ocrx_word' id='word_1_347' title='bbox 808 1621 932 1658; x_wconf 86' lang='grc' dir='ltr'>τούτου</span> <span class='ocrx_word' id='word_1_348' title='bbox 963 1638 1020 1658; x_wconf 91' lang='grc' dir='ltr'>και</span> <span class='ocrx_word' id='word_1_349' title='bbox 1044 1624 1116 1662; x_wconf 87' lang='grc' dir='ltr'>τοῖς</span> <span class='ocrx_word' id='word_1_350' title='bbox 1144 1624 1281 1661; x_wconf 82' lang='grc' dir='ltr'>λοιποῖς</span> <span class='ocrx_word' id='word_1_351' title='bbox 1310 1619 1420 1668; x_wconf 86' lang='grc' dir='ltr'>ὁμόσε</span> <span class='ocrx_word' id='word_1_352' title='bbox 1449 1624 1574 1671; x_wconf 82' lang='grc' dir='ltr'>χωρεῖν</span> <span class='ocrx_word' id='word_1_353' title='bbox 1599 1621 1788 1668; x_wconf 91' lang='grc' dir='ltr'>μετιόντας·</span> <span class='ocrx_word' id='word_1_354' title='bbox 1824 1622 1885 1659; x_wconf 76' lang='grc' dir='ltr'>εἶτι</span> 
     </span>
     <span class='ocr_line' id='line_1_29' title="bbox 158 1674 1884 1744; baseline 0 -30"><span class='ocrx_word' id='word_1_355' title='bbox 158 1677 269 1715; x_wconf 80' lang='grc' dir='ltr'>πλέον</span> <span class='ocrx_word' id='word_1_356' title='bbox 300 1675 554 1726; x_wconf 82' lang='grc' dir='ltr'>εὐπορήσομεν.</span> <span class='ocrx_word' id='word_1_357' title='bbox 592 1679 687 1715; x_wconf 88' lang='grc' dir='ltr'>δοκεῖ</span> <span class='ocrx_word' id='word_1_358' title='bbox 710 1693 769 1725; x_wconf 93' lang='grc' dir='ltr'>μοι</span> <span class='ocrx_word' id='word_1_359' title='bbox 798 1677 915 1714; x_wconf 87' lang='grc' dir='ltr'>τοίνυν</span> <span class='ocrx_word' id='word_1_360' title='bbox 939 1678 966 1714; x_wconf 81' lang='grc' dir='ltr'>εὶ</span> <span class='ocrx_word' id='word_1_361' title='bbox 996 1676 1094 1744; x_wconf 74' lang='grc' dir='ltr'>ἔστιν</span> <span class='ocrx_word' id='word_1_362' title='bbox 1118 1677 1224 1714; x_wconf 86' lang='grc' dir='ltr'>ἐκεῖνο</span> <span class='ocrx_word' id='word_1_363' title='bbox 1253 1675 1397 1741; x_wconf 74' lang='grc' dir='ltr'>ἀληθὲς,</span> <span class='ocrx_word' id='word_1_364' title='bbox 1419 1676 1460 1714; x_wconf 86' lang='grc' dir='ltr'>τὸ</span> <span class='ocrx_word' id='word_1_365' title='bbox 1482 1675 1563 1715; x_wconf 79' lang='grc' dir='ltr'>τοὺς</span> <span class='ocrx_word' id='word_1_366' title='bbox 1591 1674 1720 1725; x_wconf 75' lang='grc' dir='ltr'>ζῶντας</span> <span class='ocrx_word' id='word_1_367' title='bbox 1749 1677 1786 1714; x_wconf 85' lang='grc' dir='ltr'>ἐκ</span> <span class='ocrx_word' id='word_1_368' title='bbox 1814 1680 1884 1714; x_wconf 87' lang='grc' dir='ltr'>τῶν</span> 
     </span>
     <span class='ocr_line' id='line_1_30' title="bbox 159 1730 1885 1800; baseline 0 -30"><span class='ocrx_word' id='word_1_369' title='bbox 159 1731 357 1770; x_wconf 85' lang='grc' dir='ltr'>τεθνεώτων</span> <span class='ocrx_word' id='word_1_370' title='bbox 376 1730 471 1778; x_wconf 79' lang='grc' dir='ltr'>εἶναι,</span> <span class='ocrx_word' id='word_1_371' title='bbox 490 1732 633 1780; x_wconf 88' lang='grc' dir='ltr'>πολλὴν</span> <span class='ocrx_word' id='word_1_372' title='bbox 652 1732 802 1782; x_wconf 89' lang='grc' dir='ltr'>ἀπορίαν</span> <span class='ocrx_word' id='word_1_373' title='bbox 822 1731 922 1800; x_wconf 76' lang='grc' dir='ltr'>ἔχειν.</span> <span class='ocrx_word' id='word_1_374' title='bbox 955 1734 983 1769; x_wconf 81' lang='grc' dir='ltr'>εἰ</span> <span class='ocrx_word' id='word_1_375' title='bbox 1008 1730 1117 1771; x_wconf 81' lang='grc' dir='ltr'>ὅντως</span> <span class='ocrx_word' id='word_1_376' title='bbox 1140 1732 1161 1779; x_wconf 87' lang='grc' dir='ltr'>ἡ</span> <span class='ocrx_word' id='word_1_377' title='bbox 1182 1730 1283 1783; x_wconf 78' lang='grc' dir='ltr'>ψυχὴ</span> <span class='ocrx_word' id='word_1_378' title='bbox 1302 1731 1401 1780; x_wconf 86' lang='grc' dir='ltr'>ἡμῶν</span> <span class='ocrx_word' id='word_1_379' title='bbox 1421 1731 1532 1769; x_wconf 85' lang='grc' dir='ltr'>ἐσται·</span> <span class='ocrx_word' id='word_1_380' title='bbox 1564 1732 1674 1769; x_wconf 88' lang='grc' dir='ltr'>καίτοι</span> <span class='ocrx_word' id='word_1_381' title='bbox 1699 1731 1885 1781; x_wconf 83' lang='grc' dir='ltr'>διωλύγιος</span> 
     </span>
     <span class='ocr_line' id='line_1_31' title="bbox 160 1785 1882 1837; baseline -0.001 -12"><span class='ocrx_word' id='word_1_382' title='bbox 160 1787 203 1825; x_wconf 78' lang='grc' dir='ltr'>ἂν</span> <span class='ocrx_word' id='word_1_383' title='bbox 221 1787 271 1836; x_wconf 87' lang='grc' dir='ltr'>ε’ίη</span> <span class='ocrx_word' id='word_1_384' title='bbox 290 1787 435 1837; x_wconf 60' lang='grc' dir='ltr'>γελωςῙ·’</span> <span class='ocrx_word' id='word_1_385' title='bbox 437 1818 446 1835; x_wconf 91' lang='grc'>,</span> <span class='ocrx_word' id='word_1_386' title='bbox 467 1788 731 1836; x_wconf 78' lang='grc' dir='ltr'>ὑποτιθεμένους</span> <span class='ocrx_word' id='word_1_387' title='bbox 749 1788 854 1825; x_wconf 81' lang='grc' dir='ltr'>παντὶ</span> <span class='ocrx_word' id='word_1_388' title='bbox 873 1785 992 1837; x_wconf 86' lang='grc' dir='ltr'>τρόπω</span> <span class='ocrx_word' id='word_1_389' title='bbox 1018 1789 1186 1835; x_wconf 85' lang='grc' dir='ltr'>μηδαμῶς</span> <span class='ocrx_word' id='word_1_390' title='bbox 1206 1793 1327 1834; x_wconf 84' lang='grc' dir='ltr'>οὐσαν,</span> <span class='ocrx_word' id='word_1_391' title='bbox 1348 1787 1445 1827; x_wconf 78' lang='grc' dir='ltr'>αὖθις</span> <span class='ocrx_word' id='word_1_392' title='bbox 1464 1785 1585 1836; x_wconf 80' lang='grc' dir='ltr'>ὥσπερ</span> <span class='ocrx_word' id='word_1_393' title='bbox 1605 1787 1882 1835; x_wconf 85' lang='grc' dir='ltr'>ἐπιλανθανομε-</span> 
     </span>
     <span class='ocr_line' id='line_1_32' title="bbox 161 1840 1883 1910; baseline -0.001 -29"><span class='ocrx_word' id='word_1_394' title='bbox 161 1859 239 1882; x_wconf 87' lang='grc' dir='ltr'>νους</span> <span class='ocrx_word' id='word_1_395' title='bbox 258 1844 315 1881; x_wconf 86' lang='grc' dir='ltr'>καὶ</span> <span class='ocrx_word' id='word_1_396' title='bbox 333 1860 416 1892; x_wconf 88' lang='grc' dir='ltr'>πριν</span> <span class='ocrx_word' id='word_1_397' title='bbox 435 1847 481 1884; x_wconf 82' lang='grc' dir='ltr'>εὶς</span> <span class='ocrx_word' id='word_1_398' title='bbox 499 1860 606 1891; x_wconf 86' lang='grc' dir='ltr'>σωμα</span> <span class='ocrx_word' id='word_1_399' title='bbox 631 1844 809 1891; x_wconf 83' lang='grc' dir='ltr'>εμπεσεῖν,</span> <span class='ocrx_word' id='word_1_400' title='bbox 832 1842 995 1891; x_wconf 83' lang='grc' dir='ltr'>ἡγεῖσθαι</span> <span class='ocrx_word' id='word_1_401' title='bbox 1019 1840 1115 1880; x_wconf 80' lang='grc' dir='ltr'>εἶναι.</span> <span class='ocrx_word' id='word_1_402' title='bbox 1145 1843 1206 1880; x_wconf 84' lang='grc' dir='ltr'>οὐκ</span> <span class='ocrx_word' id='word_1_403' title='bbox 1230 1841 1330 1880; x_wconf 70' lang='grc' dir='ltr'>οἶδ”’</span> <span class='ocrx_word' id='word_1_404' title='bbox 1313 1859 1366 1880; x_wconf 94' lang='grc' dir='ltr'>οτι</span> <span class='ocrx_word' id='word_1_405' title='bbox 1385 1841 1499 1891; x_wconf 82' lang='grc' dir='ltr'>λέγεις</span> <span class='ocrx_word' id='word_1_406' title='bbox 1519 1845 1546 1878; x_wconf 90' lang='grc' dir='ltr'><em>ὠ</em></span> <span class='ocrx_word' id='word_1_407' title='bbox 1565 1841 1764 1910; x_wconf 68' lang='grc' dir='ltr'>πόλυκριτε.</span> <span class='ocrx_word' id='word_1_408' title='bbox 1797 1842 1883 1883; x_wconf 83' lang='grc' dir='ltr'>ἰσως</span> 
     </span>
     <span class='ocr_line' id='line_1_33' title="bbox 159 1896 1884 1947; baseline 0.001 -12"><span class='ocrx_word' id='word_1_409' title='bbox 159 1915 223 1946; x_wconf 90' lang='grc' dir='ltr'>μεν</span> <span class='ocrx_word' id='word_1_410' title='bbox 242 1896 388 1944; x_wconf 78' lang='grc' dir='ltr'>οὐδὲν,</span> <span class='ocrx_word' id='word_1_411' title='bbox 371 1915 463 1945; x_wconf 92' lang='grc' dir='ltr'>ομως</span> <span class='ocrx_word' id='word_1_412' title='bbox 482 1897 518 1936; x_wconf 83' lang='grc' dir='ltr'>δὲ</span> <span class='ocrx_word' id='word_1_413' title='bbox 537 1898 684 1936; x_wconf 86' lang='grc' dir='ltr'>τοσόνδε</span> <span class='ocrx_word' id='word_1_414' title='bbox 702 1915 761 1946; x_wconf 93' lang='grc' dir='ltr'>μοι</span> <span class='ocrx_word' id='word_1_415' title='bbox 781 1899 908 1935; x_wconf 80' lang='grc' dir='ltr'>ἐννοεῖν</span> <span class='ocrx_word' id='word_1_416' title='bbox 926 1914 1153 1947; x_wconf 88' lang='grc' dir='ltr'>παρισταται,</span> <span class='ocrx_word' id='word_1_417' title='bbox 1173 1915 1225 1936; x_wconf 90' lang='grc' dir='ltr'>οτι</span> <span class='ocrx_word' id='word_1_418' title='bbox 1252 1898 1291 1935; x_wconf 82' lang='grc' dir='ltr'>οὐ</span> <span class='ocrx_word' id='word_1_419' title='bbox 1310 1901 1451 1945; x_wconf 85' lang='grc' dir='ltr'>μᾶλλον</span> <span class='ocrx_word' id='word_1_420' title='bbox 1472 1914 1533 1935; x_wconf 84' lang='grc' dir='ltr'>νυν</span> <span class='ocrx_word' id='word_1_421' title='bbox 1552 1897 1645 1934; x_wconf 83' lang='grc' dir='ltr'>αὐτῶ</span> <span class='ocrx_word' id='word_1_422' title='bbox 1664 1914 1743 1947; x_wconf 90' lang='grc' dir='ltr'>περι</span> <span class='ocrx_word' id='word_1_423' title='bbox 1766 1898 1884 1946; x_wconf 85' lang='grc' dir='ltr'>ἀνινης</span> 
     </span>
     <span class='ocr_line' id='line_1_34' title="bbox 162 1951 1885 2004; baseline 0.001 -14"><span class='ocrx_word' id='word_1_424' title='bbox 162 1953 422 2002; x_wconf 84' lang='grc' dir='ltr'>(ἀνθρωπινης),</span> <span class='ocrx_word' id='word_1_425' title='bbox 445 1971 614 2002; x_wconf 86' lang='grc' dir='ltr'>γενεσεως</span> <span class='ocrx_word' id='word_1_426' title='bbox 645 1955 701 1991; x_wconf 81' lang='grc' dir='ltr'>καὶ</span> <span class='ocrx_word' id='word_1_427' title='bbox 731 1952 883 1991; x_wconf 87' lang='grc' dir='ltr'>θανάτου</span> <span class='ocrx_word' id='word_1_428' title='bbox 913 1953 934 2001; x_wconf 84' lang='grc' dir='ltr'>ἡ</span> <span class='ocrx_word' id='word_1_429' title='bbox 958 1952 1140 2004; x_wconf 74' lang='grc' dir='ltr'>σκεψις,</span> <span class='ocrx_word' id='word_1_430' title='bbox 1128 1951 1150 2001; x_wconf 86' lang='grc' dir='ltr'>ὴ</span> <span class='ocrx_word' id='word_1_431' title='bbox 1175 1952 1330 1991; x_wconf 87' lang='grc' dir='ltr'>καθόλου</span> <span class='ocrx_word' id='word_1_432' title='bbox 1357 1953 1436 2002; x_wconf 81' lang='grc' dir='ltr'>περὶ</span> <span class='ocrx_word' id='word_1_433' title='bbox 1463 1951 1549 2001; x_wconf 77' lang='grc' dir='ltr'>ζωῆς</span> <span class='ocrx_word' id='word_1_434' title='bbox 1571 1969 1607 1990; x_wconf 93' lang='grc' dir='ltr'>τε</span> <span class='ocrx_word' id='word_1_435' title='bbox 1637 1969 1693 1990; x_wconf 89' lang='grc' dir='ltr'>και</span> <span class='ocrx_word' id='word_1_436' title='bbox 1715 1956 1777 1990; x_wconf 86' lang='grc' dir='ltr'>τοῦ</span> <span class='ocrx_word' id='word_1_437' title='bbox 1800 1957 1885 1991; x_wconf 83' lang='grc' dir='ltr'>εἶναι</span> 
     </span>
     <span class='ocr_line' id='line_1_35' title="bbox 160 2006 1881 2076; baseline -0.001 -30"><span class='ocrx_word' id='word_1_438' title='bbox 160 2009 246 2055; x_wconf 83' lang='grc' dir='ltr'>αὐτη</span> <span class='ocrx_word' id='word_1_439' title='bbox 266 2025 307 2056; x_wconf 95' lang='grc' dir='ltr'>τ77</span> <span class='ocrx_word' id='word_1_440' title='bbox 328 2010 453 2076; x_wconf 76' lang='grc' dir='ltr'>ψυχὴ.</span> <span class='ocrx_word' id='word_1_441' title='bbox 473 2026 500 2046; x_wconf 92' lang='grc' dir='ltr'>ει</span> <span class='ocrx_word' id='word_1_442' title='bbox 519 2026 589 2058; x_wconf 88' lang='grc' dir='ltr'>γαρ</span> <span class='ocrx_word' id='word_1_443' title='bbox 608 2008 656 2057; x_wconf 86' lang='grc' dir='ltr'>μὴ</span> <span class='ocrx_word' id='word_1_444' title='bbox 676 2013 778 2046; x_wconf 81' lang='grc' dir='ltr'>τοῦτο</span> <span class='ocrx_word' id='word_1_445' title='bbox 797 2007 855 2056; x_wconf 81' lang='grc' dir='ltr'>ἧν,</span> <span class='ocrx_word' id='word_1_446' title='bbox 872 2006 1021 2055; x_wconf 86' lang='grc' dir='ltr'>μάταιόν</span> <span class='ocrx_word' id='word_1_447' title='bbox 1039 2025 1072 2046; x_wconf 89' lang='grc' dir='ltr'>τι</span> <span class='ocrx_word' id='word_1_448' title='bbox 1092 2008 1286 2060; x_wconf 37' lang='grc' dir='ltr'>φαιῌνεται</span> <span class='ocrx_word' id='word_1_449' title='bbox 1270 2009 1397 2046; x_wconf 85' lang='grc' dir='ltr'>εκείνου</span> <span class='ocrx_word' id='word_1_450' title='bbox 1415 2006 1502 2055; x_wconf 80' lang='grc' dir='ltr'>μήδέ</span> <span class='ocrx_word' id='word_1_451' title='bbox 1520 2024 1585 2055; x_wconf 90' lang='grc' dir='ltr'>την</span> <span class='ocrx_word' id='word_1_452' title='bbox 1604 2006 1716 2058; x_wconf 84' lang='grc' dir='ltr'>ἀρχὴν</span> <span class='ocrx_word' id='word_1_453' title='bbox 1735 2010 1881 2056; x_wconf 85' lang='grc' dir='ltr'>ἐπιμνη-</span> 
     </span>
     <span class='ocr_line' id='line_1_36' title="bbox 160 2062 1880 2114; baseline 0 -13"><span class='ocrx_word' id='word_1_454' title='bbox 160 2063 293 2101; x_wconf 88' lang='grc' dir='ltr'>σθεντα</span> <span class='ocrx_word' id='word_1_455' title='bbox 311 2065 416 2101; x_wconf 78' lang='grc' dir='ltr'>εἰπεῖν</span> <span class='ocrx_word' id='word_1_456' title='bbox 436 2081 530 2104; x_wconf 89' lang='grc' dir='ltr'>οπως</span> <span class='ocrx_word' id='word_1_457' title='bbox 549 2063 592 2101; x_wconf 80' lang='grc' dir='ltr'>ἂν</span> <span class='ocrx_word' id='word_1_458' title='bbox 610 2064 706 2112; x_wconf 85' lang='grc' dir='ltr'>ἡμεῖς</span> <span class='ocrx_word' id='word_1_459' title='bbox 726 2063 868 2113; x_wconf 75' lang='grc' dir='ltr'>ζώημεν·</span> <span class='ocrx_word' id='word_1_460' title='bbox 890 2067 993 2101; x_wconf 83' lang='grc' dir='ltr'>τοῦτο</span> <span class='ocrx_word' id='word_1_461' title='bbox 1011 2062 1081 2114; x_wconf 81' lang='grc' dir='ltr'>γὰρ</span> <span class='ocrx_word' id='word_1_462' title='bbox 1101 2063 1198 2101; x_wconf 86' lang='grc' dir='ltr'>οὐδεν</span> <span class='ocrx_word' id='word_1_463' title='bbox 1216 2067 1366 2114; x_wconf 84' lang='grc' dir='ltr'>πρᾶγμα</span> <span class='ocrx_word' id='word_1_464' title='bbox 1384 2063 1512 2100; x_wconf 87' lang='grc' dir='ltr'>ἐκείνου</span> <span class='ocrx_word' id='word_1_465' title='bbox 1531 2062 1580 2100; x_wconf 84' lang='grc' dir='ltr'>ε’τι</span> <span class='ocrx_word' id='word_1_466' title='bbox 1599 2063 1841 2112; x_wconf 84' lang='grc' dir='ltr'>ἀδιορίστου’</span> <span class='ocrx_word' id='word_1_467' title='bbox 1820 2081 1880 2101; x_wconf 90' lang='grc' dir='ltr'>ον-</span> 
     </span>
     <span class='ocr_line' id='line_1_37' title="bbox 159 2116 1883 2166; baseline -0.001 -9"><span class='ocrx_word' id='word_1_468' title='bbox 159 2136 230 2158; x_wconf 80' lang='grc' dir='ltr'>τος.</span> <span class='ocrx_word' id='word_1_469' title='bbox 263 2119 345 2156; x_wconf 81' lang='grc' dir='ltr'>ἀλλ’</span> <span class='ocrx_word' id='word_1_470' title='bbox 362 2116 456 2166; x_wconf 85' lang='grc' dir='ltr'>οἶμαι</span> <span class='ocrx_word' id='word_1_471' title='bbox 475 2117 515 2156; x_wconf 80' lang='grc' dir='ltr'>τὸ</span> <span class='ocrx_word' id='word_1_472' title='bbox 534 2122 605 2157; x_wconf 84' lang='grc' dir='ltr'>πᾶν</span> <span class='ocrx_word' id='word_1_473' title='bbox 623 2121 693 2157; x_wconf 87' lang='grc' dir='ltr'>ἐκεῖ</span> <span class='ocrx_word' id='word_1_474' title='bbox 707 2120 840 2157; x_wconf 91' lang='grc' dir='ltr'>τείν.ειν</span> <span class='ocrx_word' id='word_1_475' title='bbox 872 2120 929 2156; x_wconf 79' lang='grc' dir='ltr'>καὶ</span> <span class='ocrx_word' id='word_1_476' title='bbox 948 2119 1056 2159; x_wconf 79' lang='grc' dir='ltr'>οὕτως</span> <span class='ocrx_word' id='word_1_477' title='bbox 1075 2121 1128 2157; x_wconf 89' lang='grc' dir='ltr'>δεῖ</span> <span class='ocrx_word' id='word_1_478' title='bbox 1144 2117 1371 2164; x_wconf 81' lang='grc' dir='ltr'>ὑπολαβεῖν</span> <span class='ocrx_word' id='word_1_479' title='bbox 1354 2135 1406 2155; x_wconf 94' lang='grc' dir='ltr'>οτι</span> <span class='ocrx_word' id='word_1_480' title='bbox 1424 2116 1572 2156; x_wconf 88' lang='grc' dir='ltr'>πλάτων</span> <span class='ocrx_word' id='word_1_481' title='bbox 1591 2135 1723 2158; x_wconf 88' lang='grc' dir='ltr'>παντος</span> <span class='ocrx_word' id='word_1_482' title='bbox 1742 2122 1883 2165; x_wconf 81' lang='grc' dir='ltr'>μᾶλλον</span> 
     </span>
     <span class='ocr_line' id='line_1_38' title="bbox 160 2172 1879 2225; baseline -0.001 -13"><span class='ocrx_word' id='word_1_483' title='bbox 160 2175 265 2212; x_wconf 76' lang='grc' dir='ltr'>οἴεται</span> <span class='ocrx_word' id='word_1_484' title='bbox 284 2176 326 2221; x_wconf 80' lang='grc' dir='ltr'>τῆ</span> <span class='ocrx_word' id='word_1_485' title='bbox 346 2176 447 2225; x_wconf 80' lang='grc' dir='ltr'>ψυχῆ</span> <span class='ocrx_word' id='word_1_486' title='bbox 467 2172 507 2211; x_wconf 79' lang='grc' dir='ltr'>τὸ</span> <span class='ocrx_word' id='word_1_487' title='bbox 527 2172 610 2212; x_wconf 77' lang='grc' dir='ltr'>εἶναι</span> <span class='ocrx_word' id='word_1_488' title='bbox 630 2175 690 2212; x_wconf 77' lang='grc' dir='ltr'>οὐκ</span> <span class='ocrx_word' id='word_1_489' title='bbox 709 2175 864 2213; x_wconf 77' lang='grc' dir='ltr'>ἄλλοθεν</span> <span class='ocrx_word' id='word_1_490' title='bbox 882 2172 904 2221; x_wconf 75' lang='grc' dir='ltr'>ἦ</span> <span class='ocrx_word' id='word_1_491' title='bbox 924 2175 960 2211; x_wconf 85' lang='grc' dir='ltr'>ἐκ</span> <span class='ocrx_word' id='word_1_492' title='bbox 979 2177 1041 2212; x_wconf 82' lang='grc' dir='ltr'>τοῦ</span> <span class='ocrx_word' id='word_1_493' title='bbox 1061 2173 1226 2212; x_wconf 83' lang='grc' dir='ltr'>τεθνάναι</span> <span class='ocrx_word' id='word_1_494' title='bbox 1244 2174 1346 2222; x_wconf 82' lang='grc' dir='ltr'>ἥκειν.</span> <span class='ocrx_word' id='word_1_495' title='bbox 1376 2177 1479 2211; x_wconf 83' lang='grc' dir='ltr'>τοῦτο</span> <span class='ocrx_word' id='word_1_496' title='bbox 1500 2172 1534 2211; x_wconf 83' lang='grc' dir='ltr'>δὲ</span> <span class='ocrx_word' id='word_1_497' title='bbox 1555 2173 1634 2212; x_wconf 81' lang='grc' dir='ltr'>ὅποι</span> <span class='ocrx_word' id='word_1_498' title='bbox 1653 2177 1724 2213; x_wconf 83' lang='grc' dir='ltr'>τοῖς</span> <span class='ocrx_word' id='word_1_499' title='bbox 1744 2174 1879 2223; x_wconf 84' lang='grc' dir='ltr'>ὑπηργ-</span> 
     </span>
     <span class='ocr_line' id='line_1_39' title="bbox 159 2227 1883 2280; baseline -0.001 -13"><span class='ocrx_word' id='word_1_500' title='bbox 159 2229 274 2278; x_wconf 78' lang='grc' dir='ltr'>μένοις</span> <span class='ocrx_word' id='word_1_501' title='bbox 298 2228 446 2278; x_wconf 84' lang='grc' dir='ltr'>μάχεται</span> <span class='ocrx_word' id='word_1_502' title='bbox 472 2228 593 2270; x_wconf 75' lang='grc' dir='ltr'>Βούλει</span> <span class='ocrx_word' id='word_1_503' title='bbox 616 2228 832 2277; x_wconf 86' lang='grc' dir='ltr'>θεασόμεθα;</span> <span class='ocrx_word' id='word_1_504' title='bbox 866 2231 894 2266; x_wconf 76' lang='grc' dir='ltr'>εἰ</span> <span class='ocrx_word' id='word_1_505' title='bbox 919 2230 1021 2275; x_wconf 85' lang='grc' dir='ltr'>δοκεῖ,</span> <span class='ocrx_word' id='word_1_506' title='bbox 1044 2233 1246 2278; x_wconf 84' lang='grc' dir='ltr'>σκοπῶμεν·</span> <span class='ocrx_word' id='word_1_507' title='bbox 1278 2231 1321 2276; x_wconf 83' lang='grc' dir='ltr'>τῆ</span> <span class='ocrx_word' id='word_1_508' title='bbox 1346 2230 1446 2280; x_wconf 79' lang='grc' dir='ltr'>ψυχῆ</span> <span class='ocrx_word' id='word_1_509' title='bbox 1471 2227 1555 2266; x_wconf 75' lang='grc' dir='ltr'>ἱέναι</span> <span class='ocrx_word' id='word_1_510' title='bbox 1580 2230 1671 2280; x_wconf 72' lang='grc' dir='ltr'>φησὶ</span> <span class='ocrx_word' id='word_1_511' title='bbox 1695 2227 1735 2265; x_wconf 78' lang='grc' dir='ltr'>τὸ</span> <span class='ocrx_word' id='word_1_512' title='bbox 1761 2227 1821 2277; x_wconf 62' lang='grc' dir='ltr'>ζῆν</span> <span class='ocrx_word' id='word_1_513' title='bbox 1846 2246 1883 2266; x_wconf 92' lang='grc' dir='ltr'>τε</span> 
     </span>
     <span class='ocr_line' id='line_1_40' title="bbox 161 2282 1883 2336; baseline -0.001 -14"><span class='ocrx_word' id='word_1_514' title='bbox 161 2287 216 2322; x_wconf 80' lang='grc' dir='ltr'>καὶ</span> <span class='ocrx_word' id='word_1_515' title='bbox 243 2283 327 2322; x_wconf 76' lang='grc' dir='ltr'>εἶναι</span> <span class='ocrx_word' id='word_1_516' title='bbox 351 2284 413 2321; x_wconf 81' lang='grc' dir='ltr'>οὑκ</span> <span class='ocrx_word' id='word_1_517' title='bbox 439 2284 593 2322; x_wconf 77' lang='grc' dir='ltr'>ἄλλοθεν</span> <span class='ocrx_word' id='word_1_518' title='bbox 616 2282 637 2332; x_wconf 88' lang='grc' dir='ltr'>ὴ</span> <span class='ocrx_word' id='word_1_519' title='bbox 661 2285 697 2322; x_wconf 82' lang='grc' dir='ltr'>ἐκ</span> <span class='ocrx_word' id='word_1_520' title='bbox 719 2289 781 2322; x_wconf 85' lang='grc' dir='ltr'>τοῦ</span> <span class='ocrx_word' id='word_1_521' title='bbox 806 2283 981 2323; x_wconf 87' lang='grc' dir='ltr'>τεθνάναι.</span> <span class='ocrx_word' id='word_1_522' title='bbox 1013 2286 1105 2336; x_wconf 69' lang='grc' dir='ltr'>φησι</span> <span class='ocrx_word' id='word_1_523' title='bbox 1127 2289 1226 2333; x_wconf 84' lang='grc' dir='ltr'>γοῦν.</span> <span class='ocrx_word' id='word_1_524' title='bbox 1259 2286 1305 2324; x_wconf 81' lang='grc' dir='ltr'>εἷς</span> <span class='ocrx_word' id='word_1_525' title='bbox 1327 2284 1364 2322; x_wconf 87' lang='grc' dir='ltr'>τί</span> <span class='ocrx_word' id='word_1_526' title='bbox 1384 2283 1420 2321; x_wconf 81' lang='grc' dir='ltr'>δὲ</span> <span class='ocrx_word' id='word_1_527' title='bbox 1443 2282 1490 2321; x_wconf 72' lang='grc' dir='ltr'>σὺ</span> <span class='ocrx_word' id='word_1_528' title='bbox 1515 2283 1575 2321; x_wconf 83' lang='grc' dir='ltr'>οἵει</span> <span class='ocrx_word' id='word_1_529' title='bbox 1599 2288 1660 2321; x_wconf 80' lang='grc' dir='ltr'>νῦν</span> <span class='ocrx_word' id='word_1_530' title='bbox 1682 2284 1883 2332; x_wconf 87' lang='grc' dir='ltr'>ἐπείγεσθαι</span> 
     </span>
     <span class='ocr_line' id='line_1_41' title="bbox 160 2337 1881 2409; baseline -0.001 -31"><span class='ocrx_word' id='word_1_531' title='bbox 160 2339 241 2380; x_wconf 79' lang='grc' dir='ltr'>τοὺς</span> <span class='ocrx_word' id='word_1_532' title='bbox 258 2337 418 2379; x_wconf 74' lang='grc' dir='ltr'>πολλοὺς</span> <span class='ocrx_word' id='word_1_533' title='bbox 437 2340 530 2391; x_wconf 73' lang='grc' dir='ltr'>αὐτῷ</span> <span class='ocrx_word' id='word_1_534' title='bbox 548 2341 626 2389; x_wconf 74' lang='grc' dir='ltr'>περὶ</span> <span class='ocrx_word' id='word_1_535' title='bbox 645 2338 835 2406; x_wconf 75' lang='grc' dir='ltr'>αἱδιότητος</span> <span class='ocrx_word' id='word_1_536' title='bbox 848 2339 996 2409; x_wconf 80' lang='grc' dir='ltr'>λόγους.</span> <span class='ocrx_word' id='word_1_537' title='bbox 1023 2338 1153 2388; x_wconf 84' lang='grc' dir='ltr'>θνητὴν</span> <span class='ocrx_word' id='word_1_538' title='bbox 1172 2339 1193 2388; x_wconf 79' lang='grc' dir='ltr'>ἢ</span> <span class='ocrx_word' id='word_1_539' title='bbox 1213 2343 1354 2388; x_wconf 82' lang='grc' dir='ltr'>μᾶλλον</span> <span class='ocrx_word' id='word_1_540' title='bbox 1373 2337 1549 2377; x_wconf 85' lang='grc' dir='ltr'>ἀθάνατον</span> <span class='ocrx_word' id='word_1_541' title='bbox 1568 2338 1676 2386; x_wconf 78' lang='grc' dir='ltr'>αὐτὴν</span> <span class='ocrx_word' id='word_1_542' title='bbox 1692 2339 1881 2390; x_wconf 77' lang='grc' dir='ltr'>ἀποδεῖξαι.</span> 
     </span>
     <span class='ocr_line' id='line_1_42' title="bbox 160 2393 1880 2445; baseline -0.001 -12"><span class='ocrx_word' id='word_1_543' title='bbox 160 2394 256 2433; x_wconf 84' lang='grc' dir='ltr'>πολὺ</span> <span class='ocrx_word' id='word_1_544' title='bbox 275 2398 417 2442; x_wconf 83' lang='grc' dir='ltr'>μᾶλλον</span> <span class='ocrx_word' id='word_1_545' title='bbox 437 2393 622 2432; x_wconf 80' lang='grc' dir='ltr'>ἀθάνατον.</span> <span class='ocrx_word' id='word_1_546' title='bbox 651 2412 677 2431; x_wconf 89' lang='grc' dir='ltr'>ει</span> <span class='ocrx_word' id='word_1_547' title='bbox 699 2395 758 2432; x_wconf 83' lang='grc' dir='ltr'>οὐν</span> <span class='ocrx_word' id='word_1_548' title='bbox 778 2396 864 2445; x_wconf 80' lang='grc' dir='ltr'>αὐτῇ</span> <span class='ocrx_word' id='word_1_549' title='bbox 882 2394 922 2432; x_wconf 83' lang='grc' dir='ltr'>τὸ</span> <span class='ocrx_word' id='word_1_550' title='bbox 943 2399 1027 2432; x_wconf 85' lang='grc' dir='ltr'>εἰναι</span> <span class='ocrx_word' id='word_1_551' title='bbox 1047 2396 1083 2433; x_wconf 85' lang='grc' dir='ltr'>ἐκ</span> <span class='ocrx_word' id='word_1_552' title='bbox 1103 2393 1267 2433; x_wconf 84' lang='grc' dir='ltr'>θανάτου·</span> <span class='ocrx_word' id='word_1_553' title='bbox 1296 2411 1352 2432; x_wconf 91' lang='grc' dir='ltr'>και</span> <span class='ocrx_word' id='word_1_554' title='bbox 1371 2394 1520 2434; x_wconf 81' lang='grc' dir='ltr'>οὐδεὶς</span> <span class='ocrx_word' id='word_1_555' title='bbox 1501 2411 1615 2444; x_wconf 90' lang='grc' dir='ltr'>ετερος</span> <span class='ocrx_word' id='word_1_556' title='bbox 1634 2393 1762 2444; x_wconf 81' lang='grc' dir='ltr'>τρόπος</span> <span class='ocrx_word' id='word_1_557' title='bbox 1782 2411 1880 2442; x_wconf 88' lang='grc' dir='ltr'>γενε-</span> 
     </span>
     <span class='ocr_line' id='line_1_43' title="bbox 161 2448 1879 2500; baseline -0.001 -12"><span class='ocrx_word' id='word_1_558' title='bbox 161 2468 267 2496; x_wconf 87' lang='grc' dir='ltr'>σεως,</span> <span class='ocrx_word' id='word_1_559' title='bbox 290 2450 310 2497; x_wconf 81' lang='grc'>77</span> <span class='ocrx_word' id='word_1_560' title='bbox 332 2448 367 2487; x_wconf 89' lang='grc' dir='ltr'>δε</span> <span class='ocrx_word' id='word_1_561' title='bbox 394 2450 490 2488; x_wconf 77' lang='grc' dir='ltr'>οὔπω</span> <span class='ocrx_word' id='word_1_562' title='bbox 514 2449 686 2496; x_wconf 86' lang='grc' dir='ltr'>τεθνηκεν,</span> <span class='ocrx_word' id='word_1_563' title='bbox 706 2449 776 2487; x_wconf 78' lang='grc' dir='ltr'>οὔτ</span> <span class='ocrx_word' id='word_1_564' title='bbox 797 2449 968 2500; x_wconf 85' lang='grc' dir='ltr'>ἐνδεχεται</span> <span class='ocrx_word' id='word_1_565' title='bbox 988 2453 1114 2497; x_wconf 84' lang='grc' dir='ltr'>θανεῖν,</span> <span class='ocrx_word' id='word_1_566' title='bbox 1133 2453 1208 2490; x_wconf 85' lang='grc' dir='ltr'>πῶς</span> <span class='ocrx_word' id='word_1_567' title='bbox 1227 2450 1270 2488; x_wconf 79' lang='grc' dir='ltr'>ἂν</span> <span class='ocrx_word' id='word_1_568' title='bbox 1290 2449 1382 2489; x_wconf 83' lang='grc' dir='ltr'>ὅλως</span> <span class='ocrx_word' id='word_1_569' title='bbox 1401 2449 1461 2498; x_wconf 88' lang='grc' dir='ltr'>είη,</span> <span class='ocrx_word' id='word_1_570' title='bbox 1481 2451 1648 2497; x_wconf 78' lang='grc' dir='ltr'>μηδεμιᾶς</span> <span class='ocrx_word' id='word_1_571' title='bbox 1668 2449 1735 2500; x_wconf 79' lang='grc' dir='ltr'>ἐξω</span> <span class='ocrx_word' id='word_1_572' title='bbox 1755 2452 1879 2499; x_wconf 87' lang='grc' dir='ltr'>φαινο-</span> 
     </span>
     <span class='ocr_line' id='line_1_44' title="bbox 160 2503 1883 2556; baseline -0.002 -13"><span class='ocrx_word' id='word_1_573' title='bbox 160 2523 265 2554; x_wconf 91' lang='grc' dir='ltr'>μενης</span> <span class='ocrx_word' id='word_1_574' title='bbox 290 2521 410 2551; x_wconf 86' lang='grc' dir='ltr'>αιτιας,</span> <span class='ocrx_word' id='word_1_575' title='bbox 430 2505 513 2556; x_wconf 79' lang='grc' dir='ltr'>ἐξ</span> <span class='ocrx_word' id='word_1_576' title='bbox 494 2511 534 2553; x_wconf 84' lang='grc' dir='ltr'>ἡς</span> <span class='ocrx_word' id='word_1_577' title='bbox 558 2504 682 2552; x_wconf 89' lang='grc' dir='ltr'>μελλει</span> <span class='ocrx_word' id='word_1_578' title='bbox 708 2504 866 2542; x_wconf 84' lang='grc' dir='ltr'>ε’σεσθαι.</span> <span class='ocrx_word' id='word_1_579' title='bbox 898 2507 925 2542; x_wconf 84' lang='grc' dir='ltr'>εἰ</span> <span class='ocrx_word' id='word_1_580' title='bbox 950 2522 1014 2552; x_wconf 88' lang='grc' dir='ltr'>μεν</span> <span class='ocrx_word' id='word_1_581' title='bbox 1040 2505 1110 2556; x_wconf 74' lang='grc' dir='ltr'>γὰρ</span> <span class='ocrx_word' id='word_1_582' title='bbox 1135 2522 1191 2543; x_wconf 90' lang='grc' dir='ltr'>και</span> <span class='ocrx_word' id='word_1_583' title='bbox 1215 2504 1309 2543; x_wconf 78' lang='grc' dir='ltr'>ἄλλό</span> <span class='ocrx_word' id='word_1_584' title='bbox 1333 2521 1366 2542; x_wconf 91' lang='grc' dir='ltr'>τι</span> <span class='ocrx_word' id='word_1_585' title='bbox 1390 2509 1433 2552; x_wconf 87' lang='grc' dir='ltr'>ἠν</span> <span class='ocrx_word' id='word_1_586' title='bbox 1452 2503 1470 2542; x_wconf 82' lang='grc' dir='ltr'>ὸ</span> <span class='ocrx_word' id='word_1_587' title='bbox 1493 2507 1635 2554; x_wconf 89' lang='grc' dir='ltr'>παρεῖχε</span> <span class='ocrx_word' id='word_1_588' title='bbox 1655 2508 1698 2553; x_wconf 81' lang='grc' dir='ltr'>τῇ</span> <span class='ocrx_word' id='word_1_589' title='bbox 1717 2505 1817 2554; x_wconf 77' lang='grc' dir='ltr'>ψυχη</span> <span class='ocrx_word' id='word_1_590' title='bbox 1842 2520 1883 2541; x_wconf 94' lang='grc' dir='ltr'>το</span> 
     </span>
     <span class='ocr_line' id='line_1_45' title="bbox 160 2557 1882 2611; baseline -0.001 -14"><span class='ocrx_word' id='word_1_591' title='bbox 160 2560 266 2610; x_wconf 76' lang='grc' dir='ltr'>ζην,</span> <span class='ocrx_word' id='word_1_592' title='bbox 252 2578 270 2598; x_wconf 91' lang='grc' dir='ltr'>ο</span> <span class='ocrx_word' id='word_1_593' title='bbox 294 2559 403 2609; x_wconf 88' lang='grc' dir='ltr'>λόγος</span> <span class='ocrx_word' id='word_1_594' title='bbox 429 2560 529 2600; x_wconf 77' lang='grc' dir='ltr'>οὗτος</span> <span class='ocrx_word' id='word_1_595' title='bbox 555 2577 594 2598; x_wconf 94' lang='grc' dir='ltr'>ον</span> <span class='ocrx_word' id='word_1_596' title='bbox 618 2560 713 2607; x_wconf 88' lang='grc' dir='ltr'>ημεῖς</span> <span class='ocrx_word' id='word_1_597' title='bbox 736 2559 862 2610; x_wconf 86' lang='grc' dir='ltr'>φαμεν,</span> <span class='ocrx_word' id='word_1_598' title='bbox 882 2559 1004 2600; x_wconf 88' lang='grc' dir='ltr'>αλλως</span> <span class='ocrx_word' id='word_1_599' title='bbox 1028 2559 1070 2599; x_wconf 82' lang='grc' dir='ltr'>ἂν</span> <span class='ocrx_word' id='word_1_600' title='bbox 1092 2561 1267 2611; x_wconf 82' lang='grc' dir='ltr'>εἰρημενος</span> <span class='ocrx_word' id='word_1_601' title='bbox 1290 2560 1406 2610; x_wconf 85' lang='grc' dir='ltr'>ἐσχεν.</span> <span class='ocrx_word' id='word_1_602' title='bbox 1438 2558 1553 2607; x_wconf 83' lang='grc' dir='ltr'>ἐπειδη</span> <span class='ocrx_word' id='word_1_603' title='bbox 1580 2558 1615 2596; x_wconf 78' lang='grc' dir='ltr'>δὲ</span> <span class='ocrx_word' id='word_1_604' title='bbox 1638 2557 1772 2607; x_wconf 84' lang='grc' dir='ltr'>ἀνάγκη</span> <span class='ocrx_word' id='word_1_605' title='bbox 1795 2559 1882 2606; x_wconf 85' lang='grc' dir='ltr'>αὑτη</span> 
     </span>
    </p>
   </div>
   <div class='ocr_carea' id='block_1_5' title="bbox 159 2663 1882 2784">
    <p class='ocr_par' dir='ltr' id='par_1_5' title="bbox 159 2663 1882 2784">
     <span class='ocr_line' id='line_1_46' title="bbox 202 2663 1882 2702; baseline -0.001 -11"><span class='ocrx_word' id='word_1_606' title='bbox 202 2664 226 2685; x_wconf 79' lang='lat'>¹5</span> <span class='ocrx_word' id='word_1_607' title='bbox 248 2665 314 2693; x_wconf 91' lang='lat' dir='ltr'>Vid.</span> <span class='ocrx_word' id='word_1_608' title='bbox 337 2665 438 2692; x_wconf 77' lang='lat' dir='ltr'>&#39;simaei</span> <span class='ocrx_word' id='word_1_609' title='bbox 464 2666 534 2692; x_wconf 84' lang='lat' dir='ltr'>Lex.</span> <span class='ocrx_word' id='word_1_610' title='bbox 558 2665 668 2692; x_wconf 75' lang='lat' dir='ltr'>Platon.</span> <span class='ocrx_word' id='word_1_611' title='bbox 692 2664 721 2691; x_wconf 88' lang='lat' dir='ltr'>in</span> <span class='ocrx_word' id='word_1_612' title='bbox 746 2664 882 2700; x_wconf 76' lang='grc' dir='ltr'>διωλύγιον</span> <span class='ocrx_word' id='word_1_613' title='bbox 907 2671 935 2691; x_wconf 85' lang='lat' dir='ltr'>et</span> <span class='ocrx_word' id='word_1_614' title='bbox 961 2664 999 2691; x_wconf 82' lang='lat' dir='ltr'>ibi</span> <span class='ocrx_word' id='word_1_615' title='bbox 1042 2675 1104 2693; x_wconf 87' lang='lat' dir='ltr'>rum</span> <span class='ocrx_word' id='word_1_616' title='bbox 1121 2675 1186 2692; x_wconf 84' lang='lat' dir='ltr'>cum</span> <span class='ocrx_word' id='word_1_617' title='bbox 1205 2671 1375 2702; x_wconf 78' lang='lat' dir='ltr'>argumento</span> <span class='ocrx_word' id='word_1_618' title='bbox 1396 2664 1478 2701; x_wconf 76' lang='lat' dir='ltr'>hujus</span> <span class='ocrx_word' id='word_1_619' title='bbox 1494 2663 1694 2699; x_wconf 72' lang='lat' dir='ltr'>disputationis</span> <span class='ocrx_word' id='word_1_620' title='bbox 1714 2663 1812 2691; x_wconf 74' lang='lat' dir='ltr'>confer</span> <span class='ocrx_word' id='word_1_621' title='bbox 1827 2664 1882 2691; x_wconf 80' lang='lat' dir='ltr'>dis-</span> 
     </span>
     <span class='ocr_line' id='line_1_47' title="bbox 159 2704 1580 2742; baseline -0.002 -9"><span class='ocrx_word' id='word_1_622' title='bbox 159 2706 315 2733; x_wconf 83' lang='lat' dir='ltr'><strong>Ruhnken.</strong></span> <span class='ocrx_word' id='word_1_623' title='bbox 336 2715 364 2742; x_wconf 87' lang='lat' dir='ltr'>p.</span> <span class='ocrx_word' id='word_1_624' title='bbox 381 2707 428 2741; x_wconf 73' lang='grc'>98.</span> <span class='ocrx_word' id='word_1_625' title='bbox 444 2716 485 2742; x_wconf 84' lang='lat' dir='ltr'>sq.</span> <span class='ocrx_word' id='word_1_626' title='bbox 511 2705 582 2732; x_wconf 80' lang='lat' dir='ltr'>adde</span> <span class='ocrx_word' id='word_1_627' title='bbox 604 2705 740 2732; x_wconf 61' lang='lat' dir='ltr'>Scholion</span> <span class='ocrx_word' id='word_1_628' title='bbox 764 2705 827 2731; x_wconf 80' lang='lat' dir='ltr'>cod.</span> <span class='ocrx_word' id='word_1_629' title='bbox 850 2705 998 2732; x_wconf 78' lang='lat' dir='ltr'>Bodleian.</span> <span class='ocrx_word' id='word_1_630' title='bbox 1040 2712 1141 2742; x_wconf 80' lang='lat' dir='ltr'>putata</span> <span class='ocrx_word' id='word_1_631' title='bbox 1156 2706 1184 2731; x_wconf 86' lang='lat' dir='ltr'>in</span> <span class='ocrx_word' id='word_1_632' title='bbox 1201 2705 1383 2732; x_wconf 77' lang='lat' dir='ltr'>Antithctico</span> <span class='ocrx_word' id='word_1_633' title='bbox 1399 2714 1460 2740; x_wconf 74' lang='lat' dir='ltr'>cup.</span> <span class='ocrx_word' id='word_1_634' title='bbox 1479 2711 1493 2739; x_wconf 95' lang='lat'>7</span> <span class='ocrx_word' id='word_1_635' title='bbox 1512 2710 1538 2730; x_wconf 84' lang='lat' dir='ltr'>et</span> <span class='ocrx_word' id='word_1_636' title='bbox 1555 2704 1580 2730; x_wconf 79' lang='lat' dir='ltr'>S.</span> 
     </span>
     <span class='ocr_line' id='line_1_48' title="bbox 159 2744 997 2784; baseline -0.004 -10"><span class='ocrx_word' id='word_1_637' title='bbox 159 2746 209 2781; x_wconf 83' lang='lat' dir='ltr'>(ad</span> <span class='ocrx_word' id='word_1_638' title='bbox 225 2746 334 2773; x_wconf 60' lang='lat' dir='ltr'><strong>Theaet.</strong></span> <span class='ocrx_word' id='word_1_639' title='bbox 357 2756 384 2782; x_wconf 91' lang='lat' dir='ltr'>p.</span> <span class='ocrx_word' id='word_1_640' title='bbox 403 2747 481 2783; x_wconf 75' lang='lat'>102.)</span> <span class='ocrx_word' id='word_1_641' title='bbox 505 2756 568 2784; x_wconf 79' lang='lat' dir='ltr'>pag.</span> <span class='ocrx_word' id='word_1_642' title='bbox 587 2746 633 2781; x_wconf 83' lang='lat'>76.</span> <span class='ocrx_word' id='word_1_643' title='bbox 658 2745 701 2772; x_wconf 88' lang='lat' dir='ltr'>ed.</span> <span class='ocrx_word' id='word_1_644' title='bbox 718 2744 860 2773; x_wconf 65' lang='lat' dir='ltr'>Gaissord.</span> <span class='ocrx_word' id='word_1_645' title='bbox 904 2747 997 2772; x_wconf 64' lang='lat' dir='ltr'>Caete-</span> 
     </span>
    </p>
   </div>
   <div class='ocr_carea' id='block_1_6' title="bbox 213 2795 1171 2825">
    <p class='ocr_par' dir='ltr' id='par_1_6' title="bbox 213 2795 1171 2825">
     <span class='ocr_line' id='line_1_49' title="bbox 213 2795 1171 2825; baseline -0.003 0"><span class='ocrx_word' id='word_1_646' title='bbox 213 2800 307 2825; x_wconf 71' lang='lat' dir='ltr'>VOL.</span> <span class='ocrx_word' id='word_1_647' title='bbox 333 2801 378 2825; x_wconf 87' lang='grc' dir='ltr'>ΙΙ.</span> <span class='ocrx_word' id='word_1_648' title='bbox 1101 2795 1120 2823; x_wconf 85' lang='grc'><em>5</em></span> <span class='ocrx_word' id='word_1_649' title='bbox 1147 2800 1171 2822; x_wconf 72' lang='lat' dir='ltr'>G</span> 
     </span>
    </p>
   </div>
  </div>
 </body>
</html>
