2102 3015
159 187 261 223 1440
699 174 962 211 ΔΙΑΛΟΓΟΣ
992 175 1111 212 ΠΕΡΙ
1141 175 1336 212 mcxlix.

155 281 311 318 ἐντεῦθεν
341 276 440 325 εῖναι,
466 277 617 328 ἐδείχθεν
648 277 710 324 ὅτι,
735 276 872 318 οὐδενὸς
901 277 1007 327 ἧττον
1031 277 1211 328 ἀμήχανον
1239 278 1288 327 εἰἠ
1315 280 1357 326 τῆ
1385 279 1487 329 ψυχῆ
1511 276 1595 316 εἶναι
1623 280 1685 326 τῆς
1709 279 1819 319 αἰτίας
1843 280 1880 318 ἐκ

154 334 267 383 με’σου
292 333 413 383 ὥσπερ
439 332 698 381 ἀποπταμένης.
734 331 826 371 ὥστε
856 334 895 371 οὐ
922 332 1030 381 μόνον
1057 334 1154 371 οὐδὲν
1176 332 1405 384 προυπάρξει,
1430 334 1512 370 ἀλλ’
1539 333 1615 372 οὐδὲ
1644 333 1736 374 ὅλως
1765 334 1878 372 ἔσται·

156 389 273 428 ἔπειτα
299 391 356 427 καὶ
383 389 511 438 γελοίω
540 390 606 426 τινὶ
635 388 730 426 ἔοικε.
763 388 973 438 πειρώμενος
1000 388 1069 438 γὰρ
1094 388 1146 426 ὅτι
1171 387 1332 436 μάλιστα
1358 387 1534 427 ἀθάνατον
1553 390 1645 427 αὐτῶ
1665 388 1702 427 τὲ
1728 390 1784 427 καὶ
1810 393 1881 430 τοῖς

156 445 272 483 ἔπειτα
290 446 533 494 παραστῆσαι,
548 444 566 480 ὁ
587 442 622 481 δε
640 460 723 492 πριν
742 446 788 483 εἷς
803 448 907 481 τοῦτο
926 445 1040 482 ἐλθεῖν
1059 446 1106 484 εἰς
1124 444 1324 482 τούναντίον
1344 443 1383 481 οὗ
1402 447 1543 491 μᾶλλον
1562 443 1735 492 ἠβούλετο
1753 461 1879 483 πεποι-

155 500 248 548 ηκὼς
277 499 455 549 ἀπηνεχθη
484 497 613 547 θνητὴν
641 498 748 546 αὐτὴν
775 499 940 550 ἐξαπίνης
969 497 1211 568 ὁμολογήσας.
1247 498 1418 549 πρότερον
1442 499 1511 549 γὰρ
1537 498 1579 546 δὴ
1606 499 1700 547 ἥκειν
1726 500 1812 547 αὐτῆ
1841 499 1881 538 τὸ

157 554 284 603 θνητὸν
309 555 479 606 φαινεται,
499 554 602 592 ἔπειθ’
624 554 771 604 ὕστερον
796 553 959 592 ἀθανάτω
985 555 1082 592 ἐστιν
1107 558 1200 599 εἶναι,
1221 559 1283 592 τοῦ
1303 554 1473 603 θνητούγε
1497 556 1606 592 αἰτίου
1624 554 1735 596 ὄντος.
1767 553 1807 593 τὸ
1834 554 1880 603 δὲ,

156 609 261 658 οἶμαι,
281 613 398 650 καλῶς
417 609 460 647 ἂν
479 608 580 660 εἶχεν,
599 612 627 647 εἰ
646 610 806 649 ἐναντίως
825 610 994 677 ἐπεχείρη.
1028 610 1157 647 οὑτωσὶ
1178 608 1250 647 δὲ
1233 627 1377 648 ατοπον.
1409 609 1506 647 ἀλλὰ
1525 609 1653 658 μήποθ’
1675 610 1771 658 ἡμεῖς
1791 613 1881 679 φαῦ-

156 671 214 703 λοι
239 665 327 705 τινὲς
352 663 444 713 ώμεν
467 682 523 703 και
550 665 611 702 οὐκ
637 664 809 715 ἀξιόχρεω
832 681 911 713 περι
935 663 1116 711 ὀνομάτων
1141 663 1329 714 ὀρθότητος
1353 665 1543 703 διελεσθαι.
1576 666 1594 703 ὁ
1619 682 1683 713 μεν
1704 664 1775 715 γὰρ
1794 665 1881 705 ἴσως

156 722 288 787 ἡγεῖται
311 722 347 758 ἐν
370 719 509 759 θανάτω
536 717 632 757 εἶναι·
664 719 750 769 όπερ
770 718 813 757 ἂν
833 721 859 756 εὶ
881 721 942 770 φῆ,
963 720 999 757 ἐν
1024 718 1072 767 μὴ
1098 719 1172 757 ὄντι
1197 724 1294 758 εἶναι·
1326 737 1381 758 και
1402 725 1463 758 τοῦ
1482 721 1510 758 τ’
1532 721 1624 758 αὐτῶ
1645 720 1817 769 δηλοῦν”
1795 737 1881 758 εοικε

155 776 195 814 τὸ
221 777 258 814 ἐκ
284 778 471 815 τεθνεῶτος
497 773 592 813 εἶναι·
623 774 663 812 τὸ
689 773 738 822 μὴ
764 773 803 812 ὃν
830 773 970 841 δηλαδὴ
984 774 1136 812 θάνατον
1159 774 1325 822 οἰόμενος.
1357 774 1439 822 οἷον,
1460 775 1488 821 ὅ,
1508 793 1541 813 τι
1560 792 1627 824 περ
1647 777 1699 813 δεῖ
1716 774 1824 827 φάναι
1843 777 1880 814 ἐκ

155 831 203 880 μὴ
224 831 324 871 ὄντος
337 832 534 880 γίγνεσθαι,
546 831 638 868 τοῦθ’
655 831 764 869 οὕτως
783 828 825 867 ἂν
844 829 932 867 εἰποι
953 829 1005 868 ότι
1024 830 1061 867 ἐκ
1081 829 1233 868 θανάτου
1252 847 1418 879 γιγνεται.
1440 831 1564 869 τούτου
1584 830 1619 869 δέ
1639 831 1747 879 ταύτη
1767 832 1877 881 ἐσχη-

155 886 265 952 κότος,
286 887 398 936 ὀρθῶς
417 885 459 923 ἂν
479 888 660 923 διανοοῖτο·
692 885 787 953 ἡμεῖς
807 884 880 922 δὲ”
862 901 948 934 οπερ
960 885 1057 951 ἐφην
1076 885 1353 934 καταγελάστως
1373 887 1591 934 ἐπιτιμῶμεν·
1621 885 1805 935 ἡγούμενοι
1824 903 1881 924 και

155 944 322 981 ὁπωσοῦν
341 940 508 991 ἐλεγχειν·
511 940 666 980 -όστις
686 944 713 977 ὠ
731 938 907 988 τιμόκλεις
930 941 991 978 οὐκ
1016 939 1198 989 ἁγαμενως
1218 941 1331 978 ἀκούει
1356 957 1424 978 σου
1450 958 1506 979 και
1525 958 1587 988 της
1606 942 1745 1009 σοφιας
1757 942 1877 980 ἐπιθυ-

154 1001 223 1045 μεῖ·
254 1014 311 1034 και
338 995 427 1034 κατὰ
452 994 575 1045 μικρὸν
595 994 699 1044 εγγὺς
718 994 914 1044 γενόμενος,
933 996 994 1033 οὑκ
1013 994 1074 1033 οἶδ
1097 1012 1124 1032 ει
1143 994 1191 1043 μὴ
1211 995 1322 1033 τούτω
1341 995 1485 1040 βελτιον
1504 999 1550 1036 εὶς
1570 995 1723 1047 κωφὸν
1710 996 1828 1046 εῤῥειν.
1862 995 1881 1034 6

155 1053 190 1090 δὲ
210 1053 323 1101 λέγεις
342 1053 531 1100 ἐπικουρῶν
549 1053 762 1098 θαυμαστῶς
781 1053 830 1088 τῶ
850 1049 958 1099 λόγω,
978 1050 1066 1099 πρὸς
1085 1049 1149 1098 μὲν
1168 1050 1379 1102 κομψότητα
1399 1053 1568 1101 εἰρῆσθαι,
1589 1052 1625 1089 εὐ
1645 1049 1688 1089 ἂν
1707 1051 1792 1101 ἔχοι·
1824 1054 1880 1090 καὶ

154 1108 324 1147 οὐδενος
311 1124 359 1145 ετι
379 1105 508 1153 δεήσει·
539 1123 617 1155 περι
645 1106 684 1143 οὗ
704 1106 732 1142 δ’
753 1105 859 1153 ἐσμεν
878 1106 1077 1153 ποιούμενοι
1096 1105 1160 1153 τὴν
1179 1105 1334 1155 ζήτησιν,
1354 1105 1448 1144 πολὺ
1469 1105 1580 1154 δήπου
1606 1105 1649 1144 ἂν
1674 1107 1877 1158 ἀφίσταιτο.

153 1166 293 1230 πρῶτον
306 1179 375 1227 μεν
390 1160 459 1211 γὰρ
479 1161 560 1208 ἡμῖν
575 1162 671 1199 οὐπω
692 1163 811 1208 δηλον,
827 1178 854 1198 ει
874 1164 923 1198 τῶ
943 1160 1016 1198 ὸντι
1035 1163 1098 1208 τῆς
1117 1162 1269 1202 διανοίας
1287 1160 1434 1211 τάνδρὸς
1453 1161 1697 1213 ε’φικνούμεθα.
1731 1160 1752 1209 ἢ
1773 1162 1882 1202 οὕτως

154 1220 226 1266 εὶκη
245 1218 364 1267 πόρ’ῥω
377 1216 611 1277 πλανώμεθα.
644 1216 761 1264 εύηθες
785 1216 821 1254 δε
847 1233 903 1254 και
927 1233 970 1264 τ77
995 1217 1142 1264 ἀληθεια
1161 1216 1424 1267 τετυφωμενων,
1445 1216 1664 1266 θαρρούντως
1684 1217 1879 1268 ἀποφαίνε-

154 1276 240 1311 σθαι
265 1290 343 1321 περι
368 1271 415 1309 ὧν
440 1271 537 1309 οὐδὲν
560 1271 709 1322 σαφες
696 1286 810 1309 ισασι·
842 1270 907 1309 κᾶν
926 1288 972 1311 εις
991 1275 1095 1309 τοῦτο
1115 1271 1150 1309 δὲ
1170 1272 1316 1317 βλεπων
1336 1273 1443 1312 οὕτως
1463 1271 1558 1319 ὤετο,
1579 1289 1635 1310 και
1655 1273 1763 1312 οὕτως
1783 1271 1882 1310 οὐδὲν

153 1327 241 1378 πρὸς
262 1328 383 1377 λόγον.
416 1326 493 1364 οὐδὲ
517 1343 587 1376 γαρ
607 1327 700 1366 όπως
726 1325 766 1364 τὸ
793 1327 833 1364 δε
851 1344 883 1364 τι
910 1328 946 1364 ἐκ
973 1326 1021 1374 μὴ
1049 1326 1148 1367 ὄντος
1167 1327 1323 1376 γίγνεται
1341 1327 1525 1376 προύκειτο
1549 1331 1704 1373 σκοπεῖν,
1724 1327 1881 1365 ἀλλ’ὅτι

1893 262 1945 299 43

154 1386 207 1422 δεῖ
221 1383 285 1430 τὴν
304 1382 427 1434 ψυχὴν
447 1383 519 1420 κατ’
541 1382 637 1420 οὐδὲν
656 1382 819 1420 οὐδεποτε
839 1385 1038 1433 φθαρεῖσαν
1057 1382 1118 1420 τὸν
1138 1383 1189 1419 ἀει
1213 1385 1320 1420 αιῶνα
1346 1386 1441 1420 εἰ.ναι
1476 1383 1565 1420 οὕτω
1589 1382 1625 1421 δε
1647 1382 1747 1421 πάντ
1769 1381 1811 1420 ἂν
1830 1399 1880 1431 ειη
1892 1405 1944 1438 44

154 1438 324 1477 ἀθανατα·
355 1437 453 1476 ούδεν
472 1437 552 1487 γὰρ,
573 1456 602 1483 0,
621 1455 654 1475 τι
674 1438 734 1475 οὐκ
754 1455 791 1475 εκ
809 1438 857 1485 μη
878 1437 988 1475 ὄντων
1008 1440 1053 1477 εἱς
1073 1438 1197 1475 ούσιαν
1216 1436 1298 1475 εἰσι·
1328 1437 1420 1475 πάνυ
1440 1456 1502 1485 μεν
1522 1438 1591 1477 οὖν.
1621 1438 1759 1486 λεληθα
1785 1438 1813 1476 δ’
1835 1440 1881 1478 ὡς

154 1511 260 1532 εοικεν
280 1492 428 1541 ἐμαυτὸν
448 1493 545 1531 οὐδὲν
565 1492 680 1539 ειπὼν,
701 1492 815 1541 εγωγέ
830 1510 883 1530 τοι
907 1496 935 1530 εὶ
958 1491 1051 1558 μησε
1075 1494 1212 1531 εδεδίειν
1231 1492 1365 1540 μήποτε
1391 1494 1542 1543 ὀργιλως
1561 1511 1619 1541 μοι
1638 1493 1732 1531 πάνυ
1751 1492 1879 1544 χρήση,

153 1547 250 1587 εἷπον
273 1548 316 1586 ἂν
341 1548 381 1586 τὸ
405 1547 574 1598 παραπάν
592 1565 663 1596 μοι.
695 1549 777 1585 ἀλλ
800 1546 860 1585 οἶδ
883 1548 935 1586 ότι
957 1547 1046 1597 σύγε
1073 1547 1172 1588 εὐθὺς
1192 1547 1396 1596 πυθόμενος,
1416 1547 1505 1599 ταχυ
1531 1548 1573 1586 ἅν
1600 1566 1643 1596 με
1666 1565 1755 1586 κατα
1780 1550 1878 1586 τοῦδε

153 1609 215 1642 τοῦ
234 1608 389 1654 κρημνοῦ
409 1602 529 1644 ὤσαις.
561 1602 706 1654 εὐφήμει
725 1602 753 1640 ὦ
771 1603 972 1653 πολύκριτε.
1004 1604 1085 1640 ἀλλ’
1107 1620 1169 1641 ειτι
1189 1603 1277 1641 δεον·
1307 1604 1550 1655 προσεξευρες,
1570 1603 1641 1642 εἰπὲ
1663 1603 1806 1651 μηδὲν
1789 1620 1877 1641 υπο-

153 1659 394 1707 στειλάμενος.
426 1661 521 1697 δοκεῖ
539 1676 598 1707 μοι
625 1660 643 1695 ὁ
671 1657 779 1708 λόγος
805 1659 904 1699 οὗτος
931 1659 949 1695 6
972 1660 1008 1696 ἐκ
1028 1662 1215 1698 τεθνεῶτος
1233 1657 1273 1696 τὸ
1293 1657 1360 1707 ζῶν
1380 1663 1463 1697 εἰναι
1487 1658 1766 1710 ἀποφαινόμενος
1783 1658 1880 1696 οὐδὲν

154 1716 248 1753 ἄλλο
267 1713 481 1761 δύνασθαι,
465 1732 486 1762 η
507 1714 559 1752 ὅτι
579 1713 619 1752 τὸ
639 1717 745 1761 σῶμα
765 1715 861 1752 ἐστιν
881 1713 1065 1752 ἀθάνατον·
1091 1717 1119 1751 εὶ
1139 1713 1364 1765 σαφεστερον
1383 1731 1499 1760 ειποις,
1518 1717 1658 1760 μᾶλλον
1677 1713 1875 1762 ἐπιγνωσό-

154 1773 252 1818 μεθα.
284 1769 324 1808 τὸ
351 1769 558 1807 διαλύεσθαι
584 1771 640 1807 καὶ
667 1771 887 1807 διαπνεῖσθαι
911 1771 956 1809 ὡς
977 1770 995 1806 ὁ
1014 1768 1162 1807 πλάτων
1181 1769 1283 1809 αὐτὸς
1302 1769 1337 1807 τέ
1358 1768 1487 1818 ἄριστα
1507 1769 1688 1819 ὑπείληφε,
1708 1770 1764 1806 καὶ
1784 1768 1880 1816 ἡμεῖς

153 1827 381 1873 πεπείσμεθα,
396 1829 468 1865 τοῖς
487 1825 668 1864 συνθέτοις
686 1823 781 1862 πολὺ
801 1823 913 1873 δήπου
932 1825 1066 1874 πρέπει·
1093 1823 1113 1872 ἦ
1133 1822 1182 1862 ῶν
1201 1825 1298 1862 ἐστιν
1318 1825 1456 1862 ἁπλοῦν
1475 1821 1573 1863 εἶδος.
1602 1823 1703 1875 ψυχὴ
1723 1823 1759 1861 δὲ
1778 1826 1880 1862 πᾶσα

155 1880 360 1919 ἀσύνθετον.
393 1879 448 1918 διὰ
474 1884 577 1918 τοῦτο
603 1882 659 1917 καὶ
684 1878 871 1918 ἀθάνατον.
903 1879 943 1918 τὸ
970 1880 1005 1917 δὲ
1031 1883 1138 1927 σῶμα
1162 1881 1198 1917 ἐκ
1223 1880 1403 1917 πλείστων
1422 1882 1470 1916 τῶ
1489 1895 1526 1916 τε
1546 1878 1625 1916 ε’ίδει
1644 1878 1880 1930 διαφερόντων

156 1935 429 1982 συντεθειμένου,
449 1935 615 1973 διαλύοιτ’
637 1934 679 1972 ἂν
698 1935 836 1975 εἰκότως
860 1934 1011 1973 ἑκάστου
1030 1939 1102 1975 τοῖς
1121 1934 1332 1983 συγγενέσιν
1352 1933 1602 1983 ἐκκρινομένου.
1631 1935 1726 1971 τουτὶ
1746 1933 1782 1972 δὲ
1801 1934 1879 1972 ἔστι

157 1990 305 2030 θάνατος
324 1990 496 2057 μάλιστα.
529 1994 556 2028 εὶ
580 1991 640 2028 οὖν
659 1989 782 2040 ὥσπερ
801 1990 843 2041 ἐξ
860 1992 970 2058 ἀρχῆς
990 1990 1155 2037 ὑπέκειτο,
1175 1989 1215 2027 τὸ
1238 1991 1404 2034 ἀναβιοῦν
1428 1989 1505 2026 ε’στι
1527 1992 1589 2026 τοῦ
1613 1988 1783 2040 καθάπαξ
1799 1991 1875 2027 δια-

157 2045 333 2087 λυθεντος
353 2062 409 2082 και
434 2047 496 2083 οὐκ
520 2045 635 2083 ἄλλού
654 2063 716 2083 του
738 2044 888 2086 οὐδενός.
922 2045 940 2083 6
960 2045 1029 2095 γὰρ
1048 2044 1096 2092 μὴ
1116 2043 1273 2095 εἰσάπαξ
1289 2044 1460 2093 ἐνδεχεται
1480 2046 1667 2094 φθαρηναι,
1688 2045 1758 2081 οὐδ’
1781 2061 1879 2082 εστιν

156 2103 262 2139 εἰπεῖν
282 2099 367 2149 ὑπὲρ
386 2100 510 2138 τούτου
532 2100 695 2149 ἀληθες
684 2100 740 2138 ότί
762 2118 847 2139 ποτε
870 2101 1036 2148 συσταίη,
1055 2103 1083 2137 εὶ
1109 2106 1169 2137 οὐν
1188 2116 1224 2136 εκ
1243 2103 1304 2136 τοῦ
1331 2100 1604 2165 ἀναβιοῦντος,’
1587 2116 1664 2137 εστι
1682 2097 1722 2137 τὸ
1742 2098 1876 2137 ἀθάνα-

155 2156 217 2193 τόν
236 2172 269 2193 τι
293 2157 344 2193 ἀεὶ
369 2153 463 2201 εῖναι,
482 2172 524 2203 τ77
544 2158 645 2222 ψυχη
672 2155 707 2193 δε
734 2155 925 2203 οὐδαμόθεν
942 2154 1113 2204 προσήκει
1135 2153 1176 2192 τὸ
1194 2153 1364 2199 τεθνάναι,
1385 2153 1425 2191 τὸ
1450 2155 1540 2202 σῶμ’
1562 2152 1605 2191 ἂν
1623 2171 1674 2202 ειη
1694 2154 1878 2201 ἀθάνατον,

157 2209 271 2259 ἐπειδὴ
296 2208 402 2248 ταῦτό
426 2211 512 2255 ἐστι,
532 2209 572 2247 τὸ
596 2228 642 2250 εις
662 2210 813 2249 θάνατον
833 2209 945 2248 ἀπιόν
975 2227 1032 2247 και
1057 2210 1142 2249 ἰσως
1161 2210 1340 2255 ἀναβιοῦν.
1372 2226 1428 2246 και
1454 2213 1556 2247 τοῦτο
1574 2227 1638 2256 μεν
1657 2226 1703 2249 εις
1722 2208 1878 2258 ἀνάγκην

156 2265 407 2317 ἀποδειξεως
383 2282 465 2313 77κει,
483 2265 534 2303 ὅτι
553 2265 661 2313 ταύτη
681 2266 748 2316 ἔχει
768 2266 862 2315 εἴπερ
877 2266 1021 2315 ὀρθῶς’
1008 2282 1096 2315 εχειν
1116 2264 1324 2315 φήσομεν,
1306 2281 1358 2301 οτι
1375 2266 1427 2302 δεῖ
1443 2264 1482 2302 τὸ
1503 2264 1569 2314 ζῶν
1588 2263 1672 2302 εῖναι
1692 2267 1878 2305 τεθνεῶτος

155 2320 246 2361 τινὸς
266 2320 376 2360 ὄντος.
402 2323 431 2358 εἰ
450 2319 486 2358 δε
504 2336 559 2357 και
579 2320 599 2366 ἡ
619 2320 753 2370 ψυχὴ’
739 2338 839 2358 εσται
859 2319 1041 2365 ἀθάνατος,
1060 2320 1156 2357 οὔπω
1176 2321 1295 2367 δῆλον.
1324 2319 1385 2368 ὅγε
1401 2321 1463 2367 τῆς
1480 2318 1666 2359 πλάτωνος
1685 2318 1878 2368 δεινότητος

158 2378 238 2444 ημῖν
265 2391 420 2425 γεγονεν.
455 2373 483 2412 ὦ
511 2374 714 2439 πολύκριτε.,
749 2377 857 2415 ἀδεῶς
886 2374 948 2422 μὲν
977 2377 1083 2412 εἰπεῖν
1111 2376 1211 2412 αἰδοῖ·
1247 2376 1371 2412 τοιοῦδ’
1398 2373 1534 2424 ἀνδρός·
1572 2391 1625 2412 οτι
1653 2375 1671 2411 ὁ
1697 2373 1805 2424 λόγος
1831 2378 1877 2415 εἰς

157 2429 370 2479 ἀνεμεσητόν
388 2447 448 2468 σοι
460 2433 657 2496 προχωρεῖ,
678 2431 738 2467 οὐκ
759 2429 801 2467 ἂν
820 2429 914 2477 οἶμαι
940 2430 1118 2477 δυναιμην.
1151 2429 1203 2467 67·L
1228 2447 1346 2476 μεντοι
1372 2430 1433 2468 οὐκ
1458 2427 1599 2478 ἀλόγως
1622 2429 1789 2495 e'yvmxa93
1806 2430 1874 2468 οὐδ

155 2505 192 2526 εν
211 2489 367 2535 πληγαῖς
385 2502 428 2523 αν
447 2485 680 2534 ἀρνησαιμην.
713 2501 739 2522 ει
759 2484 822 2531 μὲν
841 2485 902 2522 οὖν
921 2485 958 2521 εὖ
977 2482 997 2531 ὴ
1017 2483 1065 2531 μὴ
1085 2483 1154 2533 ἐγὼ
1174 2484 1373 2533 γιγνώσκω,
1393 2485 1433 2522 06
1451 2484 1546 2522 πολὺ
1564 2485 1792 2534 πρᾶγμα.οὐ
1808 2483 1877 2552 γὰρ

156 2543 271 2609 ἔμοιγε
296 2540 420 2579 τούτου
444 2543 585 2578 πολλοῦ
609 2539 715 2587 μελει.
743 2539 824 2577 οὐδε
845 2556 894 2577 τω
914 2537 1008 2586 οἶμαι
1035 2540 1310 2608 διαφεροιμην,
1292 2557 1344 2578 οτι
1369 2538 1500 2579 παντὸς
1519 2542 1662 2587 μαλλον
1681 2540 1789 2579 οὕτως
1808 2539 1877 2589 ἐχει

157 2600 203 2638 ὡς
224 2597 265 2634 ἂν
284 2597 358 2644 ἐμοὶ
377 2612 537 2645 παρεστη
556 2598 698 2644 γνῶναι.
726 2594 885 2642 μάλιστα
905 2595 932 2631 δ’
958 2595 1128 2643 ἁγαπώην
1148 2594 1191 2632 ἂν
1209 2595 1288 2635 εἰτις
1310 2612 1351 2642 με
1372 2592 1573 2646 ἐξελοιτο
1547 2598 1595 2632 ὡν
1614 2594 1712 2632 ἕνεκα
1735 2593 1878 2641 ἀπειθὴς

156 2652 324 2704 φαινομαι
342 2652 517 2698 πλειστην
535 2667 572 2687 τε
592 2650 707 2688 ἐκείνω
727 2649 826 2689 ὅστις
844 2667 888 2687 αν
906 2666 991 2687 ποτε
1010 2654 1041 2696 ἠ,
1062 2649 1164 2699 χάριν
1183 2650 1330 2698 εἰσομαι,
1345 2649 1403 2699 ἐμὲ
1423 2648 1459 2687 τὲ
1479 2648 1611 2696 ἶωμένω
1631 2649 1751 2698 ὥσπερ
1766 2649 1878 2699 ἀρρώ-

157 2724 253 2747 στως
278 2723 321 2757 τῃ
345 2706 433 2758 δόξη
457 2705 669 2753 διακειμενω.
701 2708 772 2745 τοῖς
795 2721 831 2743 τε
855 2702 976 2753 λόγοις
1001 2704 1179 2753 ηγουμένω
1207 2708 1252 2746 εἰς
1272 2703 1470 2756 τάσφαλες.
1503 2704 1562 2742 εἱδ
1583 2704 1683 2755 ἀφεις
1704 2721 1747 2752 με
1770 2705 1880 2744 οὕτως
