2102 3015
191 164 203 187 1
214 163 292 198 420
709 150 1001 187 ΝΑΘΑΝΑΗΛ
1031 150 1386 187 ΑΝΤΙΘΕΤΙΚΟΣ

184 253 306 301 σθείη;
339 253 375 290 τί
401 252 436 291 δὲ
465 254 521 291 καὶ
548 252 683 299 παθὼν,
708 251 877 301 οἰπαθὴς13
906 256 961 291 καὶ
990 253 1180 303 ἀδιαίρετος
1207 255 1264 291 καὶ
1292 252 1420 303 ἀμερὴς
1449 252 1506 299 ὧν,
1527 254 1582 291 ἐπὶ
1611 253 1828 304 συναιρέσεις
1853 256 1909 293 καὶ

184 307 395 348 συνολκοῖς14
416 308 502 360 ἥξει·
536 307 673 355 (Vind.
695 308 800 347 male
827 308 909 360 ἕξει)
929 310 985 346 καὶ
1011 307 1087 346 οὐδὲ
1113 312 1215 346 τοῦτο
1240 308 1370 348 πάθος”
1397 309 1471 346 καθ’
1494 307 1580 346 ὅλον
1604 307 1735 355 ἑαυτὸν,
1756 308 1844 347 κατὰ
1870 309 1907 347 δὲ

183 364 281 413 μέρη,
301 362 324 401 ἃ
350 362 392 412 δὴ
418 365 472 401 καὶ
498 361 588 414 εἶχεν
613 363 854 413 ἐνηρμοσμένα
880 367 951 404 τοῖς
978 366 1178 413 νεκρωθεῖσι
1202 368 1263 402 τοῦ
1289 363 1455 411 σώματος
1480 364 1639 413 μέρεσιν;
1673 365 1754 402 ἀλλ’
1776 364 1909 403 ἄτοπον

183 423 293 457 ταῦτα
311 419 390 468 περὶ
409 423 470 456 τοῦ
490 420 637 468 ἀμεροῦς
661 423 720 457 νοῦ
739 418 832 462 (νοὸς
851 419 944 458 Vat.
953 422 963 465 )
984 421 1040 457 καὶ
1064 418 1292 457 παντάπασιν
1311 420 1468 459 ἀπαθοῦς
1487 420 1543 457 καὶ
1567 418 1830 488 ὑπολαμβανειν
1849 422 1905 458 καὶ

183 474 310 524 λεγειν·
341 491 419 523 περι
445 475 472 511 δ
493 473 552 522 ἧςά
573 473 742 525 ε’φημεν“
723 476 871 524 ρευστῆς
891 476 1011 525 ψυχῆς
1030 491 1085 512 και
1110 476 1279 525 φθαρτῆς,
1300 474 1397 512 οὐδὲν
1416 473 1564 520 ἀπεικὸς,
1584 475 1656 512 ἐπεὶ
1682 492 1738 512 και
1763 474 1904 524 μεμέρμ

183 547 267 568 σται
293 530 391 577 αὕτη,
411 547 467 567 και
493 533 617 567 τοῦτον
636 529 678 578 δὴ
697 546 758 567 τον
777 529 908 606 τρόπον
927 528 1043 567 πάντα
1061 528 1187 596 φθάνει
1205 529 1250 567 τὰ
1273 534 1334 568 τοῦ
1360 529 1526 577 σώματος
1544 529 1658 579 μόρια,
1677 529 1845 577 πνεύματι
1865 529 1907 578 δή

184 602 250 623 τινι
265 584 394 636 ζωτικῷ
409 602 449 633 γε
469 583 542 622 ὅντι
561 584 799 635 ἐποχουμέῙνη
810 615 820 631 ‚
835 602 892 622 και
911 583 999 631 μετὰ
1019 585 1140 622 τούτου
1159 586 1391 631 διαβαινουσα
1409 589 1471 622 τοῦ
1491 587 1617 635 ζῶντος
1636 584 1801 633 σώματος
1819 603 1908 624 παν-

183 642 284 690 ταχῆ,
305 641 374 678 ἐκεῖ
397 638 439 688 δὴ
465 639 515 687 (δὲ
543 640 653 685 Vat.)
679 640 840 689 περαίνει,
861 639 940 677 ὅποι
968 639 1051 688 (ὅπη
1072 640 1183 687 Vat.)
1211 640 1252 688 δὴ
1280 642 1335 678 καὶ
1363 644 1466 678 τοῦτο
1494 641 1730 690 συμπεραίνει.
1764 643 1791 678 εἰ
1817 640 1858 678 δέ
1877 658 1910 679 τι

181 694 287 734 πάθοι
313 699 383 732 τῶν
402 698 526 745 μερῶν,
546 713 601 733 και
620 694 660 733 τό
679 712 719 744 γε
745 694 857 734 πάθος
879 693 943 742 τήν
962 711 999 732 τε
1022 700 1083 733 τοῦ
1108 695 1305 744 πνεύματος
1325 696 1461 744 κίνησιν
1480 697 1536 733 καὶ
1556 713 1619 743 την
1638 695 1766 734 αὐτόσε
1787 696 1907 744 (αὐτῆς

182 751 273 790 Vat.
295 758 336 790 et
358 751 464 797 Par.)
454 753 546 798 )τῆς
565 753 684 802 ψυχῆς
703 749 834 798 στήσοι
853 748 1030 797 διαβασιν,
1049 749 1152 788 τοῦτό
1178 768 1219 800 γε
1245 768 1300 789 και
1326 768 1537 800 νενεκρωται,
1557 768 1618 788 του
1644 768 1708 798 την
1726 750 1851 800 ζωὴν’
1835 768 1902 789 ενι-

184 823 279 847 εντος
307 805 530 858 ἀπολειφθὲν,
551 808 607 843 καὶ
634 805 682 853 μὴ
709 804 898 852 δυναμενον
925 805 973 842 ε”τι
998 823 1153 856 μετεχειν
1178 807 1295 844 αὐτοῦ·
1330 805 1394 844 κᾶν
1420 805 1460 843 δέ
1481 807 1512 854 γ’
1535 807 1584 844 ἐπ’
1606 806 1691 844 αὐτὸ
1716 823 1819 855 μερος
1845 811 1908 845 τοῦ

183 861 349 909 σώματος
375 860 426 899 ἱὸν
451 861 559 907 βάλοι
585 861 626 899 τὸ
651 860 795 901 πάθως’
782 878 801 898 0
827 859 869 908 δὴ
895 877 951 898 και
977 859 1041 908 τὴν
1066 860 1178 911 ἀρχὴν
1204 861 1308 912 ἰσ·χει
1339 866 1442 899 τοῦτο
1468 863 1494 899 δ’
1516 859 1600 899 εἰναι
1621 861 1704 912 (εχει
1722 866 1794 907 τοῦ,
1814 861 1854 899 τὸ
1878 863 1906 900 δ’

185 915 269 954 εἶναι
290 917 414 962 Vatf)
434 916 474 954 τὸ
503 920 640 964 πνεῦμα
664 918 725 963 τῆς
751 916 894 965 ζωτικῆς
920 914 959 954 ὃν
984 918 1104 966 ψυχῆς
1131 916 1290 966 ὅχημαω,
1309 916 1406 956 εὐθὺς
1431 918 1486 954 καὶ
1514 917 1555 954 τὸ
1578 916 1642 966 ζῇν
1667 916 1753 954 ὅλον
1776 917 1910 968 φθαρέν

185 972 368 1019 πέπαυται,
388 971 515 1019 ταύτης
535 971 576 1019 δὴ
601 974 662 1019 τῆς
682 970 768 1020 ζωῆς
788 973 948 1022 φθαρτῆς
966 972 1075 1019 οὔσης
1095 973 1140 1011 ὡς
1161 972 1361 1018 ὑπεθέμεθα,
1382 973 1438 1009 καὶ
1457 972 1523 1020 ἤδη
1543 971 1719 1009 δέδεικται·
1752 973 1808 1010 καὶ
1833 973 1906 1010 τοί-

186 1045 246 1066 νυν
276 1028 315 1065 of)
344 1026 433 1065 κατὰ
462 1030 542 1064 νοῦν
571 1027 694 1066 ἁπλῶς
722 1026 841 1075 ζῶμεν,
861 1025 960 1064 ἀλλὰ
989 1030 1145 1067 νοοῦντες
1173 1028 1209 1064 εὖ
1238 1027 1359 1077 ζῶμεν.
1390 1028 1451 1074 τῆς
1479 1026 1514 1064 δὲ
1541 1026 1769 1088 φθειρομένης
1790 1030 1909 1078 ψυχῆς

186 1083 325 1128 (Vind.
348 1082 453 1121 male
473 1081 573 1131 ζωης)
564 1082 686 1125 )ε’στι’Ἴ
703 1085 845 1130 μᾶλλον
864 1085 969 1119 εἰπεῖν
989 1086 1044 1119 καὶ
1070 1081 1135 1130 τὴν
1162 1082 1392 1149 φθειρομενην
1417 1080 1501 1120 εἶναι
1531 1082 1742 1126 (01ηἰ38.ἰ11
1767 1082 1890 1122 Vind.
1899 1091 1908 1129 )

181 1138 312 1186 ταύτην
330 1136 419 1202 ζωήν
462 1141 540 1177 νοῦς
560 1137 596 1175 δὲ
624 1139 679 1175 καὶ
706 1155 726 1203 η
746 1136 834 1175 κατὰ
859 1141 984 1175 τοῦτον
1003 1137 1104 1188 ψυχὴ
1123 1155 1179 1175 και
1199 1137 1276 1186 ζωὴ,
1296 1136 1478 1188 πεφυκότα
1496 1154 1705 1186 παραμενειν
1723 1136 1825 1185 τήνδε
1844 1137 1908 1186 τὴν

186 1193 355 1243 ἀρμονιαν
374 1192 584 1244 ἡρμοσμένῳ
603 1196 652 1244 τῷ
672 1193 820 1240 σώματι,
840 1192 1081 1242 παραμένουσι
1101 1193 1333 1241 συνεστώσης
1352 1193 1468 1240 αὐτῆς,
1488 1193 1655 1240 λυθεισης
1674 1191 1710 1230 δε
1730 1209 1787 1230 και
1807 1193 1909 1233 αὐτὸς

184 1248 373 1287 ἀπολυεται
396 1247 624 1292 (ἀπολελυται
646 1249 734 1287 Pal.
758 1255 799 1287 et
821 1248 912 1287 Vat-
922 1251 944 1293 )
963 1247 1091 1296 μηθενὲ
1117 1248 1241 1287 παθων
1266 1247 1437 1297 ἁκήρατός
1459 1265 1511 1288 τις
1537 1265 1592 1285 και
1618 1246 1756 1295 απαθὴς
1774 1246 1833 1294 ὢν,
1853 1265 1908 1286 και

185 1304 295 1342 οὐκέτι
319 1321 406 1353 προς
426 1304 525 1353 ἐτερα
543 1304 742 1350 μεταβαινει
761 1306 831 1341 τῶν
851 1320 1028 1350 σωματων
1048 1304 1118 1342 οὕθ
1141 1305 1290 1353 ὁμογενη
1308 1307 1358 1355 τῷ
1376 1303 1504 1355 πρώτῳ
1525 1320 1581 1341 και
1607 1303 1646 1341 οὗ
1671 1303 1908 1370 ἐξεφοιτησεν,

185 1361 262 1397 οὔτε
282 1376 370 1408 προς
389 1376 488 1407 ετερα
511 1360 639 1427 θηριων
658 1362 761 1397 τινῶν
780 1376 836 1396 και
863 1357 1015 1408 ἀλόγων,
1036 1376 1091 1397 και
1111 1361 1252 1407 μηδαμη
1273 1359 1385 1397 τούτω
1404 1357 1741 1408 προσηκόντων.οὐ
1760 1357 1829 1425 γὰρ
1848 1359 1910 1410 ἐρᾷ

185 1415 317 1452 τούτων
336 1414 484 1454 ουδενός·
516 1432 537 1462 η
557 1431 648 1454 τινος
669 1415 789 1454 ἕ.νεκεν
809 1413 896 1462 μήτε
914 1414 1003 1464 πρὸς
1022 1414 1157 1464 ἀρετην,
1176 1432 1261 1463 μήτε
1287 1414 1375 1464 πρὸς
1394 1431 1516 1452 κακιαν
1536 1412 1756 1463 ἁρμοζόντων
1776 1414 1909 1452 αὐτῶνΙΙ

184 1469 390 1520 βουλομένῳ
415 1471 493 1519 περὶ
522 1469 584 1509 τὰς
609 1469 779 1509 διαθέσεις
803 1469 931 1509 ταύτας
958 1469 1182 1520 ἁρμόζεσθασ
1218 1470 1254 1508 τί
1277 1469 1346 1519 γὰρ
1373 1469 1415 1508 ἂν
1440 1472 1561 1507 οἰκεῖον
1587 1471 1641 1506 καὶ
1666 1468 1795 1520 πράξοι
1818 1473 1908 1516 νοῦς,

185 1524 326 1574 ἀλόγων
352 1524 516 1572 ἐμπεσὼν
536 1525 652 1576 φύσει,
673 1527 728 1563 καὶ
753 1525 862 1576 ταύτῃ
887 1525 1164 1572 ε’νδιαιτώμενος;
1197 1526 1258 1563 οὐκ
1284 1526 1381 1563 ε”στιν
1407 1525 1476 1562 οὐδ’
1498 1524 1650 1573 ὀργάνου
1674 1523 1766 1564 τινὸς
1791 1527 1907 1575 τυχεῖν

185 1581 227 1632 ἐξ
243 1581 365 1625 αὐτῶν,
378 1582 499 1630 ψυχῆς
519 1584 600 1618 νοῦν
613 1582 762 1631 ἐχούσης
782 1582 837 1618 καὶ
858 1579 968 1629 λόγον
987 1581 1302 1632 ἐξυπηρετουμένου
1322 1579 1560 1628 βουλήμασιν.
1591 1580 1646 1618 ἐπὶ
1665 1579 1701 1617 δὲ
1721 1578 1815 1631 φυτὰ
1833 1582 1908 1619 πῶς

183 1635 226 1674 ἂν
255 1638 310 1674 καὶ
339 1636 518 1686 ἀφίκοιτο;
552 1634 572 1684 ὴ
600 1636 655 1674 ἵνα
681 1636 830 1687 θρέψῃυ
855 1637 911 1673 καὶ
938 1636 1097 1688 αὐξήσῃ;
1131 1637 1211 1674 ἀλλ’
1238 1634 1374 1676 οὐδενὸς
1402 1635 1535 1673 τούτων
1563 1636 1639 1672 οὔτε
1667 1634 1810 1684 μετέχει,
1836 1635 1905 1673 οὔτ’

185 1691 282 1729 ἔστιν
308 1692 436 1740 ἐρῶσα,
455 1690 557 1742 ψυχὴ
582 1691 752 1740 ἀμεγέθης
771 1693 827 1729 καὶ
851 1690 962 1741 νοερά.
992 1691 1099 1730 πόθεν
1119 1691 1154 1730 δὲ
1182 1694 1304 1743 φυτοῖς
1322 1690 1486 1740 ἑτέρωθεν
1503 1689 1544 1728 τὸ
1563 1689 1642 1739 ζῇνς
1675 1690 1768 1727 ἄλλο
1786 1692 1907 1740 ψυχῆς

183 1745 293 1784 πάλιν
318 1744 405 1786 εἶδος
428 1750 540 1792 τοῦτο,
561 1746 667 1795 μηδὲν
693 1749 900 1792 συμβαῖνον,
919 1747 1005 1795 μηδὲ
1031 1747 1168 1794 ταύτὸν,
1187 1746 1264 1795 μήτ’
1290 1746 1551 1793 αἰσθανομένοις
1578 1744 1670 1784 ὅλως
1696 1744 1802 1793 ζώοις,
1821 1745 1907 1793 μήτε

185 1801 421 1852 μετεσχηκόσι
445 1800 531 1841 νοός.
562 1804 618 1839 καὶ
641 1806 726 1851 γοῦν
746 1805 771 1839 εἱ
794 1802 916 1846 βούλει
942 1806 988 1843 εἰς
1011 1804 1090 1853 τριά
1115 1807 1224 1840 ταῦτα
1250 1801 1425 1839 διελέσθαι
1445 1799 1566 1851 ψυχὴν
1585 1802 1708 1837 πᾶσαν
1727 1802 1783 1838 καὶ
1807 1799 1905 1849 ζωὴν,

186 1861 267 1895 νοῦν
287 1856 447 1904 δηλονότι
469 1858 524 1894 καὶ
548 1858 716 1905 αἴσθησιν
735 1858 791 1894 καὶ
809 1856 873 1904 τὴν
893 1857 1070 1907 ὁρωμένην
1089 1859 1125 1896 ἐν
1144 1861 1214 1897 τοῖς
1235 1860 1366 1907 φυτοῖς,
1386 1857 1495 1906 ὀρθῶς
1515 1854 1558 1892 ἂν
1578 1854 1714 1894 διέλυις.
1747 1857 1803 1893 καὶ
1822 1860 1902 1894 τοῦ-

187 1929 247 1949 τον
267 1912 335 1962 ἔχει
354 1911 415 1949 τὸν
433 1912 564 1961 τρόπον
584 1913 601 1950 ὁ
620 1914 698 1962 περὶ
718 1914 837 1963 ψυχῆς
857 1911 964 1962 λόγος
983 1917 1061 1953 πᾶς.
1090 1913 1165 1951 ε”στι
1185 1913 1212 1950 δ’
1235 1911 1330 1950 οὐδὲν
1349 1909 1468 1956 δεινὸν,
1488 1908 1609 1959 ὥσπερ
1629 1912 1683 1948 καὶ
1705 1911 1775 1953 (καὶ
1794 1912 1907 1950 abest

186 1982 208 2005 a
232 1968 318 2005 Par.
344 1975 383 2005 et
407 1967 441 2004 Ν
445 1974 516 2008 at.)
546 1972 772 2006 κοινωνοῦσιν
798 1968 974 2015 ἀλλήλαις
1000 1971 1055 2006 καὶ
1083 1972 1144 2006 τοῦ
1171 1968 1275 2005 αὑτοῦ
1299 1965 1558 2016 συμμετέχουσι
1585 1967 1703 2016 ψυχης
1727 1965 1906 2013 ὀνόματος,

187 2023 276 2059 οὕτω
297 2021 338 2069 δη
358 2039 412 2059 και
433 2022 575 2071 πρώτην
595 2041 650 2061 και
671 2023 832 2072 δευτεραν
851 2040 906 2060 και
926 2041 1045 2073 τριτην
1064 2023 1192 2062 ταύτας
1212 2025 1310 2060 νοεῖν·
1342 2039 1397 2059 και
1415 2020 1478 2060 τὰς
1496 2020 1558 2068 μὲν
1578 2020 1716 2068 ἀμεσως
1736 2020 1908 2069 ἀλλήλων

187 2080 369 2123 κοινωνεῖν,
389 2095 451 2116 τας
471 2077 516 2123 δε,
536 2078 591 2116 δια
610 2082 680 2116 τῶν
699 2080 735 2116 ἐν
753 2095 852 2129 μεσῳ
871 2081 941 2116 τῶν
959 2078 1079 2129 πόῤῥω
1098 2096 1153 2116 και
1178 2094 1260 2115 οσαι
1279 2094 1327 2124 μη
1346 2076 1542 2125 εγγίζουσιν
1561 2076 1690 2116 αὐταῖς.
1722 2075 1822 2127 ψυχὴ
1841 2076 1904 2124 μὲν

229 2180 255 2201 ¹³
276 2181 428 2208 τί-παθὼν
441 2182 545 2215 ἀπαθής.
589 2184 673 2210 Ludit
694 2184 722 2211 in
744 2185 884 2211 vocabulo
904 2184 1026 2221 gemino.
1069 2184 1174 2209 εἰδώλου
1189 2182 1230 2216 ἐφ’
1245 2181 1333 2209 ὕδατος
1347 2182 1487 2216 ὀχουμένου

191 2223 243 2249 Illa
258 2222 380 2248 formula
398 2223 423 2247 τί
441 2224 527 2248 παθὼν
543 2223 631 2249 utitur
646 2225 704 2259 ipse
723 2225 848 2251 Plotinus
872 2235 898 2261 p.
914 2225 981 2259 438.
996 2224 1026 2250 B.
1109 2228 1120 2241 ⁰
1145 2222 1214 2249 cod.
1233 2223 1292 2249 l'ar.
1309 2223 1376 2256 ἴσχει
1391 2225 1445 2251 τοῦ,
1462 2224 1490 2248 τὸ
1506 2222 1527 2247 δ’
1542 2221 1612 2248 εἶναι.

188 2264 213 2289 τί
231 2264 281 2298 γὰρ
302 2263 390 2288 παθών
410 2274 447 2289 τις
466 2264 529 2297 πρὸς
547 2264 627 2288 ι’ίλλων
648 2266 717 2298 ἔχεις
741 2265 816 2300 quod
837 2271 948 2291 tentare
970 2273 1028 2290 non
1111 2261 1136 2282 ¹⁴³
1158 2263 1200 2290 De
1225 2263 1332 2297 ὀχήματι
1356 2264 1444 2297 ψυχῆς
1467 2263 1523 2289 rid.
1547 2261 1751 2297 Wyttenbach
1776 2262 1809 2289 ad
1834 2262 1905 2289 Plat.

190 2303 314 2331 debebat
329 2303 478 2329 Villoison.
495 2304 621 2329 Anecdd.
638 2314 693 2341 grr.
711 2305 747 2331 ΙΙ.
763 2315 789 2341 p.
807 2314 870 2339 235.
885 2305 953 2331 licet
969 2304 1029 2330 Pla-
1071 2303 1204 2330 Phaedon.
1229 2313 1254 2339 p.
1271 2311 1339 2338 317.
1365 2303 1428 2330 collv
1452 2304 1557 2330 Annot.
1583 2303 1611 2329 in
1638 2302 1739 2329 I‘lotin.
1767 2312 1792 2339 p.
1809 2303 1856 2338 56.
1874 2303 1905 2330 F.

189 2343 248 2371 toni
265 2343 397 2379 frequens
413 2343 447 2369 sit
464 2343 510 2369 illa
524 2343 630 2369 altera:
654 2345 678 2369 τί
694 2346 787 2377 μαθών.
832 2345 896 2372 Vid.
912 2345 1026 2371 Jacobs.
1068 2344 1210 2370 Caeterum
1230 2344 1273 2370 hic
1291 2343 1479 2371 Nathanaelis
1498 2344 1577 2370 locus
1596 2343 1767 2378 depravatus
1787 2342 1905 2370 sortasse

188 2384 297 2411 Additt.
313 2383 482 2410 Animadvv.
508 2383 542 2409 ad
564 2383 666 2410 Athen.
691 2394 716 2419 p.
734 2393 799 2420 327.
816 2385 882 2421 ibiq.
906 2385 1025 2411 laudan.⁴
1068 2384 1107 2410 ita
1123 2384 1295 2421 corrigatur:
1320 2385 1349 2409 τὸ
1369 2385 1456 2413 πάθος,
1473 2384 1486 2409 ὃ
1507 2384 1537 2417 δὴ
1559 2385 1597 2409 καὶ
1615 2384 1660 2416 τὴν
1678 2383 1758 2417 ἀρχὴν
1777 2382 1845 2417 ἰ’σχει
1860 2386 1905 2409 τοῦ

191 2424 277 2451 Wolf.
294 2424 328 2450 ad
344 2424 492 2450 Demosth.
509 2424 589 2459 Lept.
606 2433 632 2459 p.
647 2424 713 2459 348.
738 2425 844 2451 Heusd.
858 2426 885 2452 in
903 2425 1026 2460 Specim.
1068 2425 1121 2450 τόδ’
1138 2422 1199 2450 εἶναι
1212 2426 1241 2450 τὺ
1256 2426 1352 2457 πνεῦμα
1367 2426 1410 2458 τῆς
1426 2426 1445 2457 ζ.
1461 2424 1489 2449 ὃν
1503 2425 1536 2458 ψ.
1554 2424 1593 2457 AX.

188 2465 297 2492 Platon.
320 2474 346 2500 p.
364 2473 410 2500 57.
453 2464 531 2491 Adde
553 2464 700 2491 Heindorf.
721 2465 754 2491 ad
776 2465 900 2501 Euthyd.
917 2465 1026 2492 Platon.
1109 2463 1120 2483 f
1143 2464 1213 2491 Cotl.
1230 2465 1291 2491 Par.
1307 2466 1372 2490 ἔστι.
1580 2469 1595 2489 g
1616 2463 1686 2490 Cod.
1703 2463 1764 2490 Par.
1778 2464 1864 2496 μηδέν.

188 2515 216 2542 p.
231 2514 297 2541 330.
314 2510 341 2531 et
357 2505 515 2531 Hermann.
531 2504 565 2531 ad
583 2504 677 2538 Viger.
694 2514 719 2540 p.
735 2513 800 2540 759.
1109 2503 1123 2524 h
1145 2505 1216 2532 Cod.
1233 2506 1294 2532 Par.
1311 2506 1384 2541 αὐτῷ.
1428 2505 1517 2531 Bene.

230 2544 255 2565 Η
278 2545 342 2572 vid.
358 2554 443 2581 supra
458 2546 561 2571 Annot.
578 2544 605 2572 iu
622 2545 724 2572 Plotin.
741 2555 767 2581 p.
781 2554 826 2581 54.
840 2545 872 2572 D.
888 2555 914 2581 p.
931 2554 1027 2581 249—
1111 2543 1134 2564 ¹7
1149 2544 1191 2571 Cf.
1208 2546 1314 2572 Aunot.
1332 2545 1359 2572 in
1372 2545 1475 2571 Plotin.
1491 2554 1518 2580 p.
1534 2544 1598 2578 284.
1611 2543 1644 2570 Β.
1668 2542 1750 2576 Quod
1767 2544 1904 2571 continuo

192 2594 255 2621 254.
272 2586 315 2613 ed.
331 2585 459 2612 Heidelb.
1069 2585 1197 2621 sequitur
1209 2587 1281 2620 ψυχὴ
1296 2586 1417 2620 ἀμεγέθης
1431 2585 1533 2621 saepius
1548 2589 1700 2620 usurpatur
1714 2583 1766 2619 ipsi
1782 2583 1904 2615 Plotino,

229 2632 240 2646 ⁶
263 2626 334 2653 Cod.
352 2626 412 2652 Par.
427 2626 511 2652 πάθοι.
714 2623 727 2645 ‘¹
750 2625 819 2652 Cod.
836 2625 897 2652 Par.
914 2626 941 2659 ἧς
956 2625 987 2651 δ’.
1069 2635 1096 2652 v,
1110 2635 1133 2652 c.
1148 2626 1196 2652 VI.
1212 2634 1236 2652 2.
1247 2635 1274 2660 4.
1299 2626 1346 2653 VI.
1358 2635 1385 2660 4.
1402 2634 1423 2652 1.
1436 2631 1465 2652 et
1479 2624 1515 2652 cf.
1528 2625 1629 2651 Euseb.
1645 2624 1673 2650 in
1689 2624 1777 2660 Praep.
1795 2624 1904 2662 Evang.

231 2665 255 2687 15·
278 2666 342 2694 vid.
366 2667 471 2693 Annot.
493 2665 526 2693 ad
551 2665 638 2692 verba
659 2665 762 2693 Plotini
785 2675 869 2702 supra
891 2675 917 2702 p.
935 2668 981 2702 56.
997 2666 1025 2692 F.
1068 2675 1097 2702 p.
1115 2667 1179 2702 833.
1196 2667 1229 2693 A.
