2102 3015
723 169 986 206 ΔΙΑΛΟΓΟΣ
1016 169 1135 205 ΠΕΡΙ
1165 170 1360 206 ΨΥΧΗΣ.
1807 180 1819 204 1
1830 179 1902 215 441

120 253 195 287 44
194 271 204 284 2

180 272 291 321 ἔχοντ’
312 272 559 324 ἀποφευξεῖται
585 272 706 323 ὥσπερ
726 271 946 322 ἀπεγνωκὼς,
967 270 1207 319 θαυμαστόντι
1229 289 1289 309 σοι
1308 271 1401 323 δόξει
1424 274 1451 310 εἰ
1475 272 1740 318 δυσκολαίνοιμι
1759 289 1815 309 και
1835 274 1905 311 τοῖς

181 327 386 395 ἐπιτυχοῦσι
411 327 603 378 πράγματα
632 345 827 378 παρεχοιμι,
854 326 983 376 ἥκιστά
1010 343 1050 376 γε
1080 330 1107 363 ὠ
1131 326 1331 376 πολύκριτε.
1369 328 1450 365 ἀλλ’
1479 329 1632 366 εἰσαῦθις
1661 326 1724 374 μὲν
1753 327 1905 377 ἐντυχεῖν

182 383 302 420 σε,οὔ
321 400 363 420 σε
384 383 631 452 ἀνακτησαιτο,
646 383 714 432 ἐγὼ
734 383 770 421 τὲ
789 386 863 422 ταῖς
879 383 1013 432 μοίραις
1032 381 1188 433 εὔξομαι.
1212 399 1268 419 και
1287 381 1334 419 σὺ
1354 382 1389 419 δὲ
1409 383 1450 419 δι’
1467 382 1603 448 ἐρεύνης
1613 384 1783 449 πανταχῆ
1802 399 1902 431 περι-

183 436 253 483 ἰ’ὼν,
269 437 356 478 ἴσως
374 439 484 488 εὕροις
498 438 553 477 ἂν.
584 444 645 477 νῦν
664 438 700 476 δε
720 438 768 477 σι)
784 442 919 477 σαυτοῦ
938 439 1125 487 ἀποπειρῶ.
1154 436 1226 485 ἅμα
1244 435 1314 486 γὰρ
1333 437 1367 474 οἵ
1383 453 1420 474 τε
1439 436 1541 485 λόγοι
1561 437 1643 484 ἡμῖν
1658 440 1704 477 εἷς
1718 436 1758 475 τὸ
1777 436 1904 486 πρόσω

182 496 339 542 χωροῖεν·
375 510 431 531 και
461 494 509 532 σὺ
539 494 672 532 σαυτὸν
702 496 744 541 τῆ
775 494 953 543 περιεργία
984 493 1135 542 ὡσπερει
1163 490 1315 542 πλήξας,
1344 491 1472 529 ι’άσαιο.
1511 493 1547 530 εὖ
1577 490 1620 529 ἂν
1648 492 1732 542 ἐχοι.
1769 493 1903 530 δεδοικα

183 546 219 585 δὲ
237 547 285 596 μὴ
304 547 419 596 μάτην
437 549 622 597 κόπτομεν·
654 548 672 587 6
692 549 728 587 δὲ
747 551 826 599 περὶ
845 552 915 587 τῶν
934 547 1071 588 οὐδενὸς
1090 548 1198 599 ἀξίων
1217 548 1254 584 ἐκ
1273 551 1426 584 παλαιοῦ
1446 546 1596 595 λέγεται·
1629 547 1681 585 ὅτι
1701 547 1794 585 οὗτοι
1819 547 1900 593 με’ν-

183 619 236 640 τοι
256 605 323 641 εἰσὶ
342 603 562 654 καθάρματα·
593 607 655 653 τῆς
674 606 702 643 δ’
723 605 847 650 αὐτῶν,
868 605 929 642 οὐκ
949 603 1123 651 η’σθηνται
1148 601 1366 650 σκαιότητος.
1397 601 1494 639 ἀλλὰ
1512 601 1686 646 βούλοιντ’
1707 601 1749 640 ἂν
1767 603 1900 651 προθύ-

182 675 256 725 ροις
275 675 311 696 τε
331 657 454 709 ὥσπερ
473 661 509 697 ἐν
527 663 602 700 ταῖς
620 660 828 709 τραγωδίαις
847 661 904 697 καὶ
923 662 1069 707 σκηναῖς
1087 659 1160 696 τισὶ
1180 660 1402 705 κοσμεῖσθαι,
1421 658 1511 694 τοῦτ’
1533 656 1616 694 αὐτὸ
1635 658 1761 707 πρέποι
1785 658 1902 695 ὅπουδ’

182 711 227 750 ἂν
246 731 302 751 και
322 714 402 762 ἡμῖν
421 718 585 762 σκῶμμα.
606 714 742 755 οὐδενὸς
762 714 831 765 γὰρ
851 715 1010 762 ἀμεινους
1028 732 1072 752 τα
1092 713 1186 754 ἐντὸς
1206 713 1302 753 ὀντες
1321 711 1519 762 πειρώμεθα
1539 710 1684 759 κόσμοις
1704 714 1905 779 ἀλλοτριοις

182 767 304 819 ὥσπερ
331 770 564 819 προσωπείοις
593 769 733 810 ἑαυτοὺς
761 769 805 808 τὰ
832 769 930 810 ἐκτὸς
958 769 1156 808 καλλύνειν.
1191 769 1333 818 αἱσχροι
1358 770 1407 805 τῶ
1433 766 1506 805 ὄντι
1535 766 1599 815 τὴν
1623 767 1811 805 διάνοιαν
1799 767 1903 813 ὄντες,

183 823 360 873 ἡγούμεθα
378 842 415 862 τε
437 827 542 863 δεῖν
526 825 654 873 η’κιστα
673 825 714 873 δὴ
734 843 876 864 παντων
895 826 976 873 ἡμῖν
995 826 1178 874 προσῆκον
1197 822 1276 863 τοὺς
1296 823 1460 873 ἀρχαίους
1479 825 1549 860 τῶν
1567 823 1602 859 ἐν
1621 822 1750 871 ἑλληιτι
1776 826 1901 874 σοφόν

183 895 297 917 τατων
316 880 579 927 ἀπομιμεῖσθαι·
605 898 665 946 ’και
685 881 737 918 ὅτι
756 879 937 930 ἐγγυτατω
957 897 1094 920 εκεινοις
1113 879 1235 929 ὥσπερ
1254 881 1290 917 ἐν
1309 877 1427 928 δρόμω
1447 880 1531 916 θεῖν.
1560 875 1637 915 οἰδα
1655 895 1770 924 μεντοι
1790 885 1832 915 αι)
1853 878 1905 916 ὅτι

182 933 287 983 εγγύς
305 952 359 973 τοι
380 936 427 981 (F
432 942 505 974 olt
526 935 630 985 εγγύς
649 942 695 985 τι)
716 935 948 984 πεισόμεθα”
931 953 949 973 ο
969 938 1082 987 φασιν
1102 952 1132 973 οι
1151 939 1255 983 μῦθοι
1273 933 1354 974 τοὺς
1374 934 1522 973 ἱκτίνους
1540 932 1789 971 weffoveevm¹⁴⁵·
1813 950 1906 971 ουτοι

122 997 171 1036 45
182 989 251 1040 γὰρ
271 987 298 1027 ὦ
314 991 397 1042 φίλε
417 990 602 1038 τιμόκλεις·
624 990 686 1029 τὸν
701 991 764 1039 μὲν
784 991 898 1029 ἄλλον
917 990 1044 1041 χρόνον
1060 992 1141 1040 ἱεροὶ
1159 994 1233 1030 ταῖς
1253 992 1345 1029 θεαῖς
1359 988 1465 1037 ἦσαν·
1496 989 1552 1026 καὶ
1571 987 1706 1036 ἠΙο-κουν
1725 987 1907 1039 διαφερόν-

180 1062 248 1085 τως
276 1045 462 1094 μουσικήν.
494 1046 641 1094 ἐκήλουν
660 1046 696 1085 τὲ
720 1049 762 1095 τῆ
783 1048 854 1094 ὠδῆ
880 1046 1008 1085 πάντα·
1041 1048 1097 1084 καὶ
1118 1046 1215 1084 οὐδὲν
1234 1044 1276 1093 ἧν
1296 1045 1411 1085 αὐτοῖς
1439 1047 1590 1111 πρᾶγμα
1617 1045 1903 1093 παραβληθῆναι.

183 1101 261 1138 οὔτε
280 1100 406 1149 κύκνοι,
426 1102 502 1140 οὕτε
522 1119 683 1151 τεττιγες.
708 1102 789 1140 οὐτε
804 1119 836 1140 τι
857 1102 950 1139 ἄλλο
970 1100 1068 1139 οὐδεν
1088 1102 1235 1151 ὀρνίθων
1254 1099 1414 1148 μελωδὸν
1432 1116 1543 1148 γενος.
1576 1100 1658 1136 ἀλλ’
1679 1099 1760 1150 ἑξης
1779 1097 1904 1137 ἅπανθ

183 1156 323 1204 ἡττᾶτο.
355 1157 495 1206 λεγεται
515 1156 550 1195 δε
569 1160 618 1209 τῷ
638 1157 823 1196 ἀπόλλωνι
841 1156 984 1197 τούτους
1002 1158 1239 1204 ἐπιστατῆσαι
1264 1158 1324 1204 τῆς
1343 1156 1398 1193 ἐπι
1417 1154 1458 1192 τὸ
1477 1154 1661 1204 κιθαρίζειν
1677 1169 1812 1204 τεχνης
1844 1155 1905 1191 ού-

183 1228 252 1252 τως
277 1212 345 1262 ἄρα
371 1214 530 1260 ἐμμελῶς
558 1216 601 1264 τῇ
627 1215 727 1264 φωνῆ
757 1211 860 1263 εἶχον·
892 1212 1008 1260 ἐπειδὴ
1038 1211 1073 1250 δε
1102 1210 1341 1261 ἀπειροκάλως
1369 1211 1447 1260 περὶ
1470 1209 1534 1258 τὴν
1553 1213 1623 1247 τῶν
1642 1213 1787 1257 μουσῶν
1807 1208 1908 1247 δόσιν

183 1266 292 1317 ἔσχον
312 1268 368 1305 καὶ
388 1271 607 1318 κατεχρῶντο
633 1269 694 1306 οὐκ
718 1269 754 1306 ἐν
779 1268 890 1306 δεοντι
918 1270 960 1315 τῆ
989 1266 1104 1318 χάριτι
1132 1270 1203 1305 τῶν
1225 1265 1389 1314 συνηθων
1409 1264 1663 1313 ἀμελήσαντες·
1695 1282 1752 1302 και
1782 1263 1823 1330 δὴ
1852 1282 1906 1303 και

183 1321 305 1372 ὧσπερ
334 1340 432 1360 ιπποι
461 1324 670 1373 χρεμετίζειν
695 1324 901 1374 ἐπεχειρουν,
920 1324 1069 1361 ἐνταῦθα
1098 1321 1170 1360 οἷον
1196 1321 1237 1370 δὴ
1267 1320 1354 1361 εἰκὸς
1383 1319 1634 1369 ἀγανακτήσας
1663 1321 1735 1358 κατ’
1755 1320 1869 1358 αὐτῶν
1889 1321 1907 1358 6

184 1377 257 1427 ζεύς
277 1395 333 1415 και
352 1378 530 1427 ὀργισθεις
549 1381 611 1427 τῆς
629 1396 772 1428 γνωμης
791 1379 985 1427 ἀπληστια,
1004 1380 1066 1426 τῆς
1092 1395 1129 1416 τε
1157 1376 1337 1425 μιμήσεως
1363 1375 1462 1416 εὐθὺς
1489 1377 1645 1425 ἀπεῖργε·
1676 1392 1732 1413 και
1753 1374 1795 1423 ἣν
1815 1374 1908 1426 εἰχον

147 1447 156 1452 ·
183 1431 296 1470 πάλαι
321 1450 399 1483 περι
423 1433 463 1471 τὸ
488 1434 581 1471 ἅδειν
600 1435 757 1472 εὔκλειαν
776 1435 812 1472 ἐν
831 1435 941 1483 ὀλίγω
967 1432 1195 1472 παντάπασιν
1215 1435 1396 1484 ἀφηρεῖτο·
1427 1432 1483 1470 καὶ
1510 1435 1571 1468 νῦν
1591 1431 1672 1478 ἡμῖν
1691 1432 1759 1468 εἰσὶ
1779 1429 1904 1482 φαινό-

161 1492 165 1496 ⁴
183 1501 290 1535 μενοι·
320 1488 418 1526 οὐδεν
434 1506 498 1536 μεν
516 1489 579 1537 7766
598 1493 672 1530 ταῖς
692 1491 821 1530 ἀκοαῖς·
854 1489 931 1527 οὐδε
948 1488 1067 1539 χάριεν
1086 1488 1334 1540 φθεγγόμενοι·
1365 1486 1489 1536 γοερὸν
1509 1486 1549 1524 δε
1569 1503 1602 1524 τι
1631 1485 1704 1524 οἱον
1722 1503 1778 1523 και
1796 1485 1908 1536 τραχὺ

184 1560 241 1581 και
264 1543 402 1592 ἀπηνές.
435 1561 558 1594 ωσπερ
581 1545 698 1583 ίππων
717 1545 927 1593 ἀπομίμημα
952 1546 1081 1612 φωνῆς·
1110 1543 1279 1593 τεκμήρια
1305 1559 1354 1580 ετι
1379 1542 1551 1591 σώζοντες
1576 1546 1638 1579 τοῦ
1664 1541 1809 1591 ἀρχαίου
1834 1540 1904 1579 πά-

184 1598 299 1638 θους17
302 1630 309 1636 .
341 1598 381 1637 τὸ
401 1600 428 1637 δ’
450 1600 615 1650 ἡμετερον
634 1604 785 1638 τοσοῦτο
808 1598 851 1637 ἂν
868 1603 939 1637 τῶν
959 1599 1096 1637 ἱκτινων
1115 1599 1293 1647 διενεγκοι·
1326 1597 1379 1636 ὅτι
1404 1598 1524 1635 ἐκεῖνοι
1548 1595 1613 1644 μὲν
1631 1597 1714 1646 πρὶν
1733 1599 1780 1636 εἰς
1804 1600 1908 1634 τοῦτο

183 1654 298 1692 ἐλθεῖν
317 1654 356 1692 οὗ
377 1658 438 1692 νῦν
458 1656 606 1705 ὁρῶνται
625 1654 731 1702 ὄντες,
751 1657 909 1703 ἐμμελεῖς
928 1658 977 1693 τῶ
997 1654 1070 1693 ὄντι
1089 1652 1238 1692 ἀοιδοι
1217 1659 1323 1702 ἠσαν.
1353 1654 1410 1691 καὶ
1429 1652 1527 1690 οὐδεν
1544 1652 1660 1691 αὐτοῖς
1679 1654 1749 1689 τῶν
1769 1652 1804 1688 ἐν
1822 1668 1907 1699 μου-

182 1711 266 1757 σικῆ
283 1709 507 1760 τρεφομενων
525 1715 587 1748 τοῦ
601 1711 729 1758 μελους
748 1709 980 1762 ἠμφισβήτει·
1003 1710 1084 1758 ἡμῖν
1104 1709 1139 1747 δε
1159 1711 1235 1748 οὔτε
1255 1708 1319 1757 τὴν
1339 1706 1451 1758 ἀρχὴν
1470 1705 1606 1745 οὑδεν
1587 1711 1629 1754 ἠν
1648 1705 1675 1743 ῶ
1694 1709 1764 1744 τῶν
1784 1706 1908 1744 αλλων

184 1765 418 1815 ὑπερειχομεν.
451 1766 520 1803 οὔτ’
542 1766 642 1804 ε’σται
662 1765 771 1812 οὐδεν,
791 1766 897 1815 οὗπερ
916 1764 959 1803 ἂν
978 1764 1185 1813 εκπέσοιμεν
1204 1766 1484 1811 ἀποτολμῶντες·
1517 1762 1569 1800 ὅτι
1587 1778 1706 1808 μεντοι
1724 1760 1905 1799 πεπτωκό-

183 1837 239 1860 τες
257 1819 401 1869 γέλωτα
419 1824 490 1861 τοῖς
515 1825 665 1861 πολλοῖς
691 1820 902 1873 ὀφλησομεν
921 1819 1044 1870 ὥσπερ
1064 1821 1121 1858 ἀπ’
1143 1820 1232 1858 ὅνων
1251 1820 1415 1870 ἐρίζοντες
1441 1821 1512 1857 τοῖς
1538 1817 1591 1869 ἐφ’
1614 1816 1779 1866 ἁρμάτων
1798 1817 1904 1867 ὀχου-

182 1891 305 1922 μενοις,
326 1875 387 1914 οὐκ
406 1875 535 1927 εξωθεν
560 1876 707 1924 δεόμεθα
734 1878 958 1924 παιδευθηναι
986 1875 1083 1924 πλὴν
1108 1893 1230 1925 ωσπερ
1259 1875 1398 1924 λεγεται
1427 1872 1480 1910 ὅτι
1508 1871 1606 1910 οὐδὲν
1634 1871 1744 1910 δεινὸν
1770 1875 1840 1911 τοῖς
1870 1873 1906 1910 ἐν

181 1929 278 1980 μάχη
297 1947 376 1970 τους
395 1930 607 1982 ἀφθαλμοῦς
626 1931 906 1978 ἀπολωλεκόσιν,
927 1932 1052 1969 επίσου
1071 1933 1127 1969 καὶ
1147 1931 1242 1978 ἡμεῖς
1268 1947 1314 1969 εις
1340 1929 1434 1967 ἅπαν
1453 1927 1655 1978 θαῤῥαλέως
1673 1927 1806 1979 ἕξομεν,
1826 1945 1902 1965 πει-

181 1985 329 2034 ρώμενοι
351 1986 540 2024 ἀποτεινειν
559 1988 605 2027 ὡς
624 1988 667 2025 ἀν
687 2005 717 2025 οι
737 1988 847 2039 σοφοι
866 1990 940 2027 ταῖς
959 1990 1030 2024 τῶν
1050 1986 1250 2025 ὑποθεσεων
1269 1985 1466 2036 ἐχρησαντο
1491 1982 1661 2031 μεθόδοις·
1693 1981 1761 2033 χρὴ
1788 1981 1823 2020 δε
1849 1984 1905 2020 καὶ

182 2057 234 2086 σε,
255 2045 282 2077 ὠ
301 2039 486 2088 τιμόκλεις,
506 2043 541 2079 ἐν
560 2059 654 2092 μερει
681 2045 910 2092 παρακαλεῖν·
943 2059 971 2079 ει
991 2041 1071 2080 θεόν
1089 2059 1165 2080 τινα
1186 2040 1357 2088 ἱδιώτην’
1344 2056 1441 2090 εχεις.
1472 2055 1608 2087 μηποτε
1633 2038 1813 2085 δυσμαθῖα
1838 2055 1904 2076 τινι

182 2094 244 2133 τὸν
263 2094 450 2145 ὑποκριτὴν
469 2097 769 2144 καταβαλόντες,’
755 2115 849 2136 επειτ
873 2097 1123 2149 ἐπιτρεψαιμεν
1143 2097 1211 2135 οὐδ’
1228 2097 1423 2143 ἀναστηναι
1443 2097 1491 2132 τῶ
1510 2093 1671 2141 πτώματι
1691 2093 1760 2130 οὐδ’
1777 2093 1904 2130 ἐπίπαν

182 2152 408 2201 επιχειροῦτα.
429 2152 510 2188 ἀλλ’
532 2169 629 2190 ενεκα
646 2170 708 2200 μεν
727 2153 829 2204 εὐχῆς
849 2152 1028 2193 οὐδενὸς
1004 2170 1118 2200 ηττων
1132 2155 1202 2190 τῶν
1221 2151 1381 2202 σοφῶν’
1368 2167 1445 2198 εση.
1468 2167 1496 2187 ει
1516 2147 1552 2187 δε
1567 2166 1623 2186 και
1642 2147 1746 2198 ὀρθὸς
1764 2146 1904 2199 ἐστηξει

183 2223 242 2243 σοι
261 2206 279 2243 6
299 2205 418 2255 λόγος,
439 2207 590 2255 οὐδαμοῦ
609 2225 839 2258 περιτραπεις,
859 2208 982 2246 αὐτίκα
1008 2207 1049 2256 δὴ
1072 2207 1113 2245 τὸ
1140 2224 1242 2256 εργον
1261 2209 1421 2254 σημανεῖ.
1451 2205 1574 2243 οὐκοῦν
1594 2204 1691 2243 αὖθις
1718 2220 1763 2243 εις
1791 2202 1903 2253 ἀρχὴν

181 2260 302 2311 ὥσπερ
322 2264 368 2301 εἰς
384 2260 500 2307 λαβὰς
520 2266 590 2300 τῶν
610 2261 759 2312 λόγων”
745 2281 858 2311 ιωμεν.
884 2262 1000 2315 φαμὲν
1015 2263 1130 2301 τοίνυν
1145 2262 1197 2300 ὅτι
1214 2264 1241 2300 εἱ
1261 2261 1359 2299 ἐστιν
1378 2261 1451 2312 ἐξ’
1435 2260 1600 2298 εναντίων
1619 2257 1663 2296 τὰ
1682 2257 1830 2296 ἐναντια·
1851 2261 1900 2295 τῶ

182 2317 210 2354 δ’
226 2315 389 2354 ἀθανατω
409 2334 473 2354 αιει
492 2317 645 2355 ἐναντίον
660 2335 699 2355 το
718 2336 766 2387 μη
786 2323 931 2365 τοιοῦτο,
952 2319 1104 2366 οὐδαμοῦ
1123 2318 1253 2355 ἀλλοθι
1281 2315 1452 2366 προσήκει
1480 2315 1595 2354 αὐτοῖς
1615 2316 1661 2353 ὡς
1681 2314 1699 2350 ὁ
1718 2311 1903 2353 πλατωνος

181 2370 301 2420 λόγος·
333 2370 355 2420 ἢ
374 2373 409 2410 ἐν
429 2373 566 2423 ψυχ77’
549 2373 713 2413 εναντίοις
731 2377 828 2411 εἰναι·
859 2376 969 2422 δηλον
989 2373 1058 2424 γὰρ
1085 2373 1136 2411 ὅτι
1163 2372 1203 2410 τὸ
1229 2389 1292 2420 μεν
1312 2374 1364 2410 δεῖ
1386 2372 1601 2410 ὑποκεῖσθαι·
1631 2368 1671 2406 τὸ
1694 2368 1777 2414 δε,’
1760 2386 1796 2406 εν
1815 2370 1902 2406 τῶδε

212 2467 238 2490 Πῗ
252 2470 354 2508 Attigit
369 2470 442 2497 hanc
457 2470 581 2497 fabulam
597 2471 728 2497 Julianus
744 2471 814 2508 Imp.
830 2471 859 2498 in
875 2472 1017 2509 Misopog.
1061 2475 1111 2498 τῶν
1125 2472 1212 2497 ι’ίλλων
1226 2471 1331 2506 ὀρνίθων
1346 2468 1408 2496 εἶναι
1422 2470 1467 2503 τὴν
1481 2469 1577 2503 φωνήν.
1602 2468 1694 2504 Hujus
1709 2467 1763 2493 loci
1775 2466 1901 2493 Julianei

181 2520 208 2547 p.
227 2510 292 2546 366,
303 2512 335 2537 A.
351 2511 475 2547 Spanh.:
500 2512 536 2537 Οὐ
557 2512 616 2546 γὰρ,
633 2509 700 2545 οἶμαι
720 2511 807 2546 ῥᾴδιον
822 2513 847 2538 ἐν
861 2512 925 2547 γήρᾳ
945 2524 1020 2546 μετα-
1061 2512 1210 2539 admonuit
1224 2512 1346 2538 lectores
1362 2511 1447 2538 etiam
1465 2510 1563 2536 Fr2.1nc
1579 2508 1613 2535 (lc
1628 2507 1699 2534 Ιιιιί
1695 2516 1710 2533 ι
1726 2507 1753 2533 in
1770 2507 1853 2533 Notis
1872 2507 1901 2533 in

180 2552 275 2585 θεμένω
296 2552 430 2586 διαφυγεῖν
443 2553 487 2577 τὸν
506 2553 644 2586 λεγόμενον
666 2552 728 2587 ὑπὲρ
749 2554 795 2578 τοῦ
817 2553 907 2579 ἰκτῖνος
927 2553 1017 2586 μῦθον,
1060 2553 1159 2580 Fabul.
1174 2553 1211 2579 A]
1200 2562 1273 2588 801).
1289 2552 1363 2578 CCI
1366 2550 1472 2577 XXXI.
1489 2559 1516 2585 p.
1532 2549 1577 2583 85.
1595 2548 1637 2575 ed.
1650 2547 1724 2582 IlpS.

179 2593 280 2626 λέγεται
294 2593 342 2626 γάρ
357 2603 396 2617 τοι
411 2592 449 2617 καὶ
463 2594 508 2617 τὴν
522 2593 609 2622 ἷκτῖνιι,
626 2593 713 2626 φωνὴν
727 2593 818 2626 ἔχοντα
838 2594 1018 2627 παραπλησίαν
1100 2591 1126 2613 17
1148 2593 1170 2619 (¹
1175 2593 1284 2619 olorem
1309 2592 1389 2618 (luxit
1414 2590 1534 2634 scriptqr
1556 2599 1587 2615 kx
1612 2587 1687 2614 flbul
1692 2596 1708 2613 a
1733 2586 1875 2622 Allstoph'
1870 2596 1900 2613 ι-

180 2634 232 2659 τοῖς
253 2632 343 2659 ἄλλοις
363 2632 471 2666 ι’ἶρνισιν,
492 2633 624 2659 ἐπιθέσθαι
645 2635 680 2668 τῷ
701 2634 864 2667 χρεμετίζειν,
886 2633 973 2667 ὥσπερ
994 2635 1018 2659 οἱ
1059 2643 1114 2660 nea
1129 2643 1173 2669 ap.
1184 2633 1330 2659 Platonem
1348 2641 1374 2657 11]
1393 2630 1415 2657 (
1419 2630 1533 2656 onvivio
1549 2639 1576 2664 p.
1593 2637 1654 2661 101.
1667 2628 1699 2653 Λ.
1715 2636 1741 2662 p.
1753 2636 1819 2662 405,
1837 2637 1899 2663 qllae

178 2673 286 2706 γενναῖοι
307 2675 356 2698 τῶν
370 2672 462 2703 ἵππων,
478 2671 531 2698 εἶτα
552 2675 598 2698 τοῦ
619 2674 664 2705 μὲν
678 2673 870 2706 ἐπιλαθομένον,
885 2674 914 2699 τὸ
936 2675 963 2699 δὲ
984 2674 1017 2707 μὴ
1058 2673 1127 2700 item
1156 2673 1197 2699 his
1221 2672 1315 2699 ve1bis
1342 2671 1460 2697 finitur:
1491 2670 1609 2703 μνημεῖον
1633 2665 1695 2694 εἶναι
1719 2669 1764 2693 τοῦ
1789 2669 1899 2694 παλαιοῦ

177 2713 312 2745 δυνηθέντα
333 2714 400 2739 ἑλεῖν
415 2714 511 2744 ἱκανῶς,
527 2713 623 2748 ἀμφοῖν
637 2714 784 2748 στέρεσθαι,
799 2714 838 2739 καὶ
852 2715 1018 2749 φαυλοτέρων
1057 2714 1161 2740 πάθους.

1110 2762 1130 2791 5
1156 2765 1224 2792 (¹12
