2102 3015
194 173 207 196 1
218 172 294 207 422
701 160 993 198 ΝΑΘΑΝΑΗΛ
1023 162 1377 199 ΑΝΤΙΘΕΤΙΚΟΣ

193 262 290 300 ἀλλά
308 279 387 301 τινα
405 262 490 301 ὅντα
497 264 588 329 παρ’
611 261 715 301 αὐτον
733 263 795 302 τὸν
814 267 925 311 σῖτον,
945 265 1023 302 οὔτε
1047 265 1182 302 ἐκείνων
1201 264 1249 313 μὴ
1269 281 1516 334 γεγενημενων,
1535 265 1657 314 γενοιτ’
1679 264 1722 304 ἂν
1742 268 1798 304 καὶ
1821 269 1913 305 ἀπο-

192 319 328 369 τεχθείη
357 321 466 365 σῖτος,
485 317 568 356 ὥστ’
590 319 687 356 ἐστιν
715 319 909 369 ὁμολογεῖν,
929 321 966 357 ἐκ
994 323 1074 367 μιᾶς
1102 321 1212 370 ἀρχῆς
1238 321 1294 357 καὶ
1322 321 1432 360 αὶτιας
1458 337 1515 358 και
1542 320 1711 369 κινήσεως
1730 323 1791 369 τῆς
1810 322 1915 370 αὐτῆς

193 374 311 422 ἕτερον
335 390 392 411 και
418 373 534 423 ἕτερον
559 372 643 411 εἶναι
668 375 724 412 καὶ
749 375 789 412 οὐ
813 378 955 422 μᾶλλον
975 374 1039 423 (μὴ
1061 378 1203 441 μᾶλλον
1224 375 1312 414 Par.
1333 389 1425 414 cum
1446 375 1554 427 Vat.)
1579 376 1750 426 πρότερον
1773 377 1917 427 θατέρου

196 428 357 479 (θάτερον
376 428 501 467 Vind.
525 429 595 468 sed
615 430 787 479 θατέρου
779 444 821 468 ln
842 444 968 483 malg.
973 430 998 475 ⁵)
1018 428 1040 478 ἦ
1060 431 1146 478 ὁμοῦ
1166 434 1287 468 ταῦτα.
1320 447 1347 467 ει
1367 430 1402 468 δὲ
1421 429 1480 496 μὴ,
1500 448 1540 468 το
1562 430 1626 479 μὲν
1643 449 1776 470 τουτων
1796 435 1913 484 φθαρ-

194 483 265 531 τὸν,
284 483 325 522 τὸ
351 483 387 522 δὲ
412 483 606 535 ἄφθαρτον,
625 485 706 522 ἀλλ’
728 485 797 522 ουδ’
818 485 914 533 ἡμεῖς
934 484 1049 536 φαμεν
1069 490 1150 523 νοῦν
1168 502 1224 523 και
1245 485 1331 534 ζῶον
1351 485 1451 524 σῖτόν
1470 503 1547 524 τινα
1571 488 1626 524 καὶ
1652 486 1799 537 αχυραῖ1
1820 491 1915 534 εἶναι,

196 539 352 577 ἀλλ’ὅτι
371 537 530 607 χαλεπὸν
549 539 646 578 οὐδεν
664 542 707 591 τῇ
727 539 844 591 φυσει,
864 543 1006 587 μᾶλλον
1032 539 1067 578 δὲ
1093 543 1142 592 τῷ
1168 542 1367 593 δημιουργεῖ)
1391 558 1528 590 ταυτης,
1548 542 1630 579 οὐδε
1651 543 1682 589 γ’
1704 543 1897 591 ἐργῶδες,ι
1882 559 1918 580 εκ

195 597 274 642 μιᾶς
294 596 340 634 ὡς
349 594 489 660 εἴρηται
518 594 686 643 κινήσεως
711 612 768 632 και
796 612 906 635 αιτιας
935 612 1051 645 ετερον
1070 597 1126 633 καὶ
1155 596 1271 645 ἕτερον
1297 597 1333 633 ἐν
1359 597 1473 648 ταύτῷ
1498 597 1756 665 προβαλέσθαι.
1790 599 1846 635 καὶ
1871 599 1918 637 ὡς

195 653 306 687 ταῦτα
324 648 364 687 τὸ
384 648 448 697 μὲν
465 650 756 700 μακροβιώτερον,
777 652 823 690 ὡς
842 651 860 687 ὁ
880 653 979 690 σῖτος
997 652 1059 697 τῆς
1078 651 1118 699 ης
1137 651 1270 702 ἔφημεν
1288 650 1399 702 χλόης
1418 653 1474 689 καὶ
1499 651 1660 700 καλάμης
1680 669 1736 690 και
1760 654 1921 702 διαρκοῦν

195 706 251 742 ἐπὶ
275 704 394 752 πλεον,
413 722 457 742 τα
482 706 574 743 δὀὐ
600 709 771 743 τοσοῦτον
798 703 1020 756 ὑφισταμενα
1045 705 1182 756 χρόνον,
1203 708 1293 744 οὕτω
1319 705 1360 754 δη
1387 708 1442 745 καὶ
1468 706 1627 758 φθαρτὸν
1653 709 1709 745 καὶ
1737 707 1920 758 ἀφθαρτον

197 761 284 807 ὁμοῦ
311 762 532 810 γεγενῆσθαι.
567 761 710 808 δύναμις
729 759 798 810 γάρ
817 777 869 800 τις
888 759 1009 810 ὥσπερ
1028 761 1064 798 ἐν
1083 763 1131 798 τῶ
1151 761 1327 811 σπέρματι
1346 766 1407 800 τοῦ
1426 763 1527 800 σίτου
1553 764 1645 800 εστι
1664 780 1800 811 κειμενη
1819 767 1917 800 τελε-

196 814 363 865 σιουργὸς
381 819 452 853 τῶν
471 816 513 867 ἐξ
529 817 634 854 αὑτοῦ
652 815 804 862 πάντων,
823 832 907 855 τεως
925 815 988 862 μὲν
1008 815 1198 867 ἀφανὴς,”’
1177 833 1326 867 υστερον
1345 816 1381 855 δὲ
1407 817 1686 869 καταφαινομένη
1705 821 1775 856 τῶν
1795 817 1837 869 ἐξ
1853 819 1915 856 αὖ·

196 872 258 918 τῆς
283 870 532 918 τελεσθέντων,
552 872 641 909 οὕτω
668 870 710 919 δὴ
737 870 880 918 δύναμις
905 870 982 908 ἔστι
1007 872 1063 908 καὶ
1089 872 1124 908 ἐν
1150 874 1194 921 τῇ
1218 872 1340 922 πρώτῃ
1359 874 1450 923 ἀρχῇ
1474 875 1529 911 καὶ
1554 874 1645 924 αἰτίᾳ
1664 877 1725 912 τοῦ
1745 872 1832 922 ζώου
1849 876 1920 911 τῶν

198 927 345 975 ὕστερον
364 926 406 978 ἐξ
423 927 528 974 αὐτῆς
547 925 698 964 πάντων.
730 928 786 964 καὶ
805 926 906 976 με’χρι
925 924 988 974 μὲν
1008 927 1044 963 ἐν
1063 927 1150 977 αὐτῇ
1169 931 1279 964 ταῦτα
1298 927 1427 974 (πάντα
1449 928 1560 976 Vat.)
1579 928 1732 975 ἵσταται,
1747 931 1791 979 τῇ
1811 927 1915 966 δυνά-

197 998 264 1028 μει,
283 981 352 1019 οὔτ’
374 981 471 1019 οὐδὲν
500 981 631 1019 τούτων
656 982 727 1020 οὔθ’
748 982 768 1029 ἡ
795 981 938 1029 δύναμις
964 982 1224 1032 καταφαίνεται,
1242 985 1288 1022 εἰς
1313 982 1516 1032 ἐνέργειαν22
1535 982 1570 1021 δὲ
1595 983 1817 1035 προαχθέντα
1841 982 1919 1022 τότε

197 1035 240 1084 δὴ
260 1038 315 1074 καὶ
335 1041 443 1074 ταῦτα
463 1035 607 1087 φανερὰ,
627 1039 683 1074 καὶ
703 1037 723 1084 ἡ
743 1037 876 1086 ε”χουσα
895 1036 958 1084 μὲν
977 1036 1129 1084 δύναμις,
1145 1037 1390 1086 ε’γκρύπτουσα
1409 1037 1457 1076 δέ.
1489 1037 1526 1075 ἐκ
1544 1037 1607 1085 μὲν
1627 1039 1703 1084 (οὖν
1722 1039 1813 1077 add.
1832 1039 1919 1077 Par.

197 1106 289 1130 cum
312 1091 405 1130 Vat.
438 1094 562 1137 recte)
592 1097 653 1130 τοῦ
679 1094 806 1140 θνητοῦ
835 1090 943 1139 μόνου
970 1091 1066 1140 ζώου,
1086 1093 1142 1129 καὶ
1172 1092 1299 1140 θνητὸν
1323 1092 1431 1140 μόνον
1458 1093 1555 1143 ζῶον,
1575 1094 1611 1131 ἐκ
1639 1093 1675 1131 δὲ
1701 1097 1773 1141 τοῦ,
1792 1092 1832 1131 τὸ
1858 1093 1920 1141 μὲν

198 1150 325 1194 θνητοῦ
349 1146 568 1195 (μόνου-τὸ
591 1146 655 1194 μὲν
678 1150 806 1195 θνητοῦ
832 1148 981 1186 absunt
1006 1162 1028 1186 a
1052 1147 1175 1186 Vlnd.
1199 1148 1331 1194 male),
1350 1147 1391 1186 τὸ
1415 1149 1443 1186 δ’
1464 1147 1648 1196 ἀθανάτου,
1668 1148 1755 1198 ζῶον
1772 1148 1920 1196 εἰκότως,

197 1201 324 1250 θνητὸν
345 1203 430 1248 ὁμοῦ
451 1204 506 1240 καὶ
526 1202 709 1241 ἀθάνατον.

254 1259 286 1294 δ.
312 1256 397 1295 ”Οτι
423 1258 450 1295 δ’
473 1258 586 1295 ἔνεστι
613 1260 662 1309 τῷ
688 1257 862 1309 ἀνθρώπῳ
888 1261 966 1297 νοῦς
986 1259 1061 1296 καθ’
1082 1257 1204 1296 ἑαυτὸν
1223 1257 1386 1308 ὑφεστὼς
1405 1260 1460 1296 καὶ
1486 1258 1568 1307 μήτι
1587 1275 1627 1308 γε
1646 1261 1814 1307 μηδαμῶς
1833 1260 1919 1310 φθί-

199 1330 278 1359 νων,
297 1314 353 1350 καὶ
374 1313 525 1364 διαφέρει
545 1330 584 1361 γε
604 1313 715 1364 τούτῳ
736 1313 845 1365 φύσις
865 1313 962 1361 ἡμῶν
980 1316 1051 1351 τῶν
1070 1317 1206 1351 λοιπῶν
1225 1313 1320 1363 ζώων
1340 1315 1395 1351 καὶ
1416 1314 1583 1362 ἀνοήτων,
1598 1316 1635 1352 ἐκ
1655 1317 1724 1352 τῶν
1743 1315 1922 1364 ἐνεργειῶν

198 1369 321 1415 δῆλον.
352 1367 397 1405 τὰ
424 1367 488 1416 μὲν
513 1368 583 1418 γὰρ
609 1368 773 1416 αἰσθήσει
800 1367 890 1419 μόνῃ
917 1369 973 1406 καὶ
1001 1370 1181 1420 φαντασίᾳ
1206 1369 1323 1419 ζῶσιν,
1343 1368 1385 1416 ἢν
1408 1371 1464 1407 καὶ
1490 1371 1597 1418 α’τελῆ
1617 1368 1658 1417 δή
1679 1369 1737 1419 (δή
1761 1370 1874 1408 abest
1899 1384 1921 1409 a

200 1423 311 1473 Vat.)
341 1440 417 1461 τινα
446 1428 527 1462 νοῦν
555 1423 654 1474 φατὲ,
674 1428 736 1461 τοῦ
763 1424 896 1462 τελείου
924 1423 986 1471 μέν
1014 1423 1118 1473 ἐγγυς
1148 1427 1271 1462 ἰοῦσαν
1291 1425 1347 1462 καὶ
1371 1423 1460 1474 πρὸς
1479 1424 1584 1463 αὐτὸν
1603 1425 1755 1475 ἔχουσαν
1775 1424 1922 1475 (ε”χουσα

200 1478 305 1518 male
326 1478 363 1516 V
366 1480 435 1524 at.)
455 1480 609 1528 γνησίως
633 1480 692 1516 καί
708 1497 748 1528 γε
775 1479 970 1527 ἱνδάλμασί
988 1496 1061 1517 τισι
1086 1478 1174 1529 πρὸς
1199 1478 1304 1517 αὐτὸν
1324 1482 1400 1529 (πρ.
1423 1481 1499 1518 αὐτ.
1523 1481 1633 1520 deest
1657 1481 1696 1518 in
1720 1480 1831 1526 Vat.)
1850 1481 1920 1518 τεί-

201 1550 301 1571 νουσι
330 1535 553 1584 κεχρημένην,
573 1537 633 1582 τῆς
659 1535 688 1573 δ’
717 1536 821 1573 αὑτοῦ
850 1534 992 1585 φύσεως
1018 1536 1075 1572 καὶ
1103 1537 1272 1584 ἐνεργείας
1299 1534 1528 1573 παντάπασιν
1556 1535 1845 1583 ἀπολειπομένην,
1864 1537 1921 1573 καὶ

200 1589 260 1626 εἰτι
281 1590 309 1627 δ’
330 1589 449 1638 ἄλογα
473 1589 677 1640 σοφιζονται
698 1590 775 1640 ζῶα,
796 1589 884 1628 κατὰ
908 1589 1038 1638 ταύτην
1061 1590 1266 1641 σοφιζονται
1288 1590 1484 1641 (σοφίζεται
1506 1591 1543 1630 h.
1567 1591 1590 1630 l.
1613 1590 1650 1629 V
1652 1597 1704 1629 at
1711 1596 1724 1641 )
1743 1589 1923 1628 σωστικὸν

199 1643 306 1692 μόνον
325 1661 386 1692 της
406 1644 558 1711 φύσεως,
578 1663 633 1683 και
653 1650 714 1684 τοῦ
734 1646 902 1693 διαμενειν
922 1645 961 1683 τὸ
981 1663 1090 1695 γενος,
1110 1648 1200 1684 οὕτω
1220 1649 1281 1684 τοῦ
1300 1646 1511 1695 δημιουργοῦ
1531 1645 1695 1692 δόντος,
1682 1663 1719 1685 ος
1738 1644 1780 1693 δὴ
1800 1662 1856 1683 και
1876 1648 1922 1686 εἰς

199 1698 239 1737 τὸ
257 1703 342 1737 εἶναι
360 1704 470 1738 ταῦτα
488 1701 718 1766 παραγαγὼν,
739 1718 794 1739 και
819 1701 985 1746 βούλεται
1004 1705 1113 1739 ταῦτα
1133 1702 1302 1764 διαμένειν
1321 1717 1377 1738 και
1400 1705 1495 1739 εἶναι
1528 1703 1583 1739 καὶ
1602 1718 1716 1738 τοινυν
1736 1699 1775 1738 τὸ
1795 1700 1920 1751 φρόνι-

198 1772 266 1802 μον
286 1756 399 1793 αυτῶν
417 1773 518 1806 μεχρι
541 1761 602 1794 τοῦ
621 1756 770 1807 ἐξευρεῖν
789 1759 1005 1807 τραφῆναι,
994 1755 1015 1804 ὴ
1040 1756 1186 1805 βλάβην
1212 1756 1232 1804 ἦ
1258 1755 1449 1804 ἐπιβουλὴν
1469 1759 1602 1808 φυγεῖν,
1622 1756 1838 1807 φθείρουσαν
1857 1755 1921 1803 τὴν

200 1809 301 1859 ζωήν.
334 1813 379 1850 ὡς
399 1828 443 1848 τα
472 1834 479 1848 ι
468 1828 528 1858 ης
554 1812 732 1859 μελισσης
752 1812 847 1861 ἔργα,
867 1829 922 1849 και
949 1811 993 1850 τὰ
1011 1815 1081 1849 τῶν
1099 1814 1262 1862 ἀραχνῶν
1281 1811 1427 1858 νήματα,
1447 1814 1503 1849 καὶ
1522 1828 1678 1860 γερανων
1698 1812 1772 1848 καθ’
1795 1812 1922 1852 ὕπνους

199 1865 324 1914 (υπνον
344 1866 455 1912 Vat.)
486 1869 641 1917 φυλακαι
671 1869 725 1904 καὶ
755 1867 880 1915 ἅμυναι
909 1867 998 1905 κατὰ
1026 1871 1095 1904 τῶν
1124 1871 1235 1907 κακῶς
1264 1883 1320 1904 και
1348 1869 1540 1917 σφαλερῶς
1569 1864 1845 1916 φυλασσόντων,
1864 1868 1921 1904 καὶ

199 1938 389 1969 μυρμηκων
418 1921 608 1971 «μύρμηκες
631 1922 665 1960 Χ
670 1923 767 1968 ind.)
797 1922 839 1970 δη
864 1939 953 1963 τινες
982 1925 1161 1972 θησαυροὶ,
1188 1924 1243 1960 καὶ
1271 1938 1372 1968 τομαι
1402 1921 1535 1959 κόκκων
1563 1939 1618 1959 και
1647 1922 1829 1971 διαιρέσεις
1856 1920 1919 1961 τὰς

201 1976 364 2025 ἐκφυσεις
393 1976 464 2023 ἅμα
492 1994 531 2025 γε
560 1995 860 2025 συντετμημενων,
881 1995 935 2015 και
964 1978 1055 2016 κύων
1083 1979 1261 2027 κορεσθεις
1289 1994 1345 2014 και
1374 1975 1418 2013 τὰ
1447 1980 1516 2014 τῶν
1543 1976 1740 2026 βρωμάτων
1768 1977 1923 2027 λείψανα

204 2030 376 2079 κρύπτων,
396 2032 435 2068 ἵν’
458 2033 554 2072 αὖθις
579 2033 641 2083 ε”χῃ
668 2033 755 2083 (ε”χοι
776 2033 884 2079 Vat.)
912 2036 1047 2084 φαγεῖν,
1067 2033 1191 2082 ἑτέρων
1219 2033 1311 2082 αὐτῷ
1339 2030 1387 2079 μὴ
1419 2031 1627 2080 γεγονότων.
1664 2033 1719 2069 καὶ
1749 2031 1850 2082 μέχρι
1880 2031 1923 2080 δὴ

202 2085 335 2123 τούτων
358 2085 399 2123 τὸ
424 2086 518 2124 πολὺ
543 2090 604 2135 τῆς
630 2091 700 2125 τῶν
725 2087 890 2139 ἀφρόνων
913 2088 1008 2136 ζώων
1032 2086 1246 2138 φρονήσεως,
1265 2087 1359 2124 ἄλλο
1384 2088 1411 2123 δ’
1433 2087 1530 2124 οὐδὲν
1555 2087 1676 2131 πλέον,
1695 2088 1771 2124 οὔτε
1798 2089 1923 2134 νοῆσαι

206 2140 405 2188 δεδύνηνται
436 2142 629 2191 (δεδύνηται
650 2143 774 2189 Van),
796 2145 872 2181 οὔτε
902 2145 950 2195 νῷ
977 2143 1118 2194 πρᾶξαι,
1139 2143 1220 2180 ἀλλ’
1248 2142 1316 2179 οὐδ’
1338 2143 1551 2190 ἐπιθυμῆσαι
1579 2141 1715 2182 οὐδενὸς
1739 2145 1808 2179 τῶν
1839 2141 1923 2192 ὑπὲρ

204 2195 268 2243 τὴν
287 2195 465 2243 αἴσθησιν,
482 2198 562 2234 οὐδέ
576 2215 615 2246 γε
636 2199 713 2247 περὶ
734 2200 843 2236 ἐκεῖνα
863 2200 918 2236 καὶ
939 2199 978 2235 δι’
996 2200 1105 2236 ἐκεῖνα
1124 2198 1284 2244 οὐδεμίαν
1303 2196 1463 2245 σπουδὴν
1483 2198 1606 2235 θέσθαι
1627 2199 1787 2248 (ποιῆσαι
1804 2197 1923 2246 Vah),

205 2251 390 2300 ἀνθρώπου
410 2250 445 2288 δὲ
466 2256 543 2292 νοῦς
564 2254 619 2289 καὶ
639 2252 678 2290 τὸ
697 2257 837 2302 πρῶτον
857 2252 1037 2304 φρόνιμον,
1057 2253 1199 2299 μῦσαιὥ
1217 2252 1279 2299 μὲν
1298 2251 1359 2292 τὰς
1379 2252 1572 2300 αἰσθήσεις,
1588 2252 1745 2301 ὑπεράνω
1765 2253 1794 2290 δ’
1811 2253 1924 2290 αὐτῶν

246 2380 256 2393 ⁵
279 2375 349 2403 Cod.
367 2376 429 2402 Par.
445 2377 550 2410 θάτερον
564 2377 677 2411 θατέρου.
724 2377 808 2404 Bene.
1125 2376 1152 2397 ‘22
1173 2378 1285 2412 ε’νέργιιιν
1300 2378 1384 2404 Υἰῐὶίί.
1428 2377 1512 2410 Quod
1529 2383 1614 2404 antea
1628 2378 1724 2409 κίνησιν
1738 2377 1840 2404 iterato
1856 2377 1925 2404 dixit

246 2413 271 2435 21
295 2417 383 2450 ἄχυρα.
427 2416 472 2442 Sic
490 2416 555 2443 Vat.
571 2418 664 2451 χόρτον
680 2417 765 2443 Vind.
785 2427 849 2444 cum
867 2418 928 2444 Par.
971 2417 1043 2444 Illud
1086 2417 1265 2445 Nathana'el:
1289 2418 1345 2445 vid.
1363 2418 1396 2445 de
1412 2418 1465 2445 hoc
1481 2417 1643 2445 discrimine
1655 2417 1771 2444 doctum
1786 2418 1923 2453 interpre-

206 2456 326 2492 praetuli.
343 2456 477 2492 quoniam
500 2456 566 2483 alibi
587 2457 673 2483 etiam
688 2458 782 2491 ι’ίχυρον
797 2464 823 2484 et
840 2460 911 2484 σῖτος
925 2458 1000 2484 inter
1014 2467 1043 2484 se
1086 2464 1143 2484 tem
1168 2458 1300 2485 Graecum
1326 2459 1497 2494 Topieorum
1522 2458 1680 2484 Aristotelis
1705 2467 1732 2494 p.
1754 2458 1819 2492 378.
1843 2457 1921 2494 Sylb.

207 2503 399 2532 opponuntur.
429 2496 825 2534 Vid.Evange1.Matth.111.
841 2507 883 2524 12.
906 2497 977 2524 Luc.
992 2498 1043 2524 ΙΙΙ.
1087 2508 1171 2533 quem
1194 2499 1289 2525 locum
1313 2498 1461 2535 descripsit
1484 2498 1585 2525 Suidas
1604 2498 1625 2524 Ι.
1648 2508 1675 2534 p.
1696 2506 1760 2533 742.
1802 2497 1843 2524 Ex
1867 2497 1922 2525 alio

212 2537 332 2573 17.ibiq.
346 2537 505 2573 interprett.
520 2539 613 2571 χόρτον
625 2546 686 2564 esse
702 2547 734 2564 ex
750 2538 920 2575 glossemate
935 2544 1043 2569 natum,
1086 2539 1242 2574 interprete
1264 2539 1425 2566 Aristotelis
1449 2539 1504 2565 alia
1528 2538 1642 2565 exhibet
1663 2538 1764 2564 Zonar.
1788 2538 1856 2564 Lex.
1873 2538 1921 2565 Gr.

206 2577 273 2604 hinc
297 2586 410 2613 quoque
432 2577 584 2615 intelligas,
606 2578 680 2613 quod
704 2578 887 2605 Alexandrini
908 2578 1044 2615 Interprr.
1088 2588 1113 2614 p.
1133 2588 1196 2614 723.
1219 2589 1261 2615 sq.
1284 2580 1406 2606 docente
1428 2579 1603 2606 Tittmanno.
1647 2578 1782 2613 Sequitur
1803 2577 1870 2605 ibid.
1893 2588 1922 2614 p,

207 2617 282 2643 Esai.
306 2617 397 2644 XXX.
424 2627 466 2652 24.
492 2627 544 2654 pro
568 2618 673 2654 pabulo
701 2620 809 2654 (χόρτῳ)
836 2625 984 2655 usurpant,
1011 2618 1044 2646 cf.
1091 2628 1154 2654 725.
1177 2629 1218 2655 sq.
1240 2620 1402 2647 luculentus
1422 2620 1449 2646 in
1471 2619 1591 2646 eandem
1612 2628 1671 2646 rem
1691 2619 1770 2645 locus
1793 2618 1925 2655 Gregorii

209 2658 292 2684 Bielii
307 2658 388 2685 Thes.
403 2658 424 2684 Ι.
441 2668 467 2694 p.
484 2666 546 2693 271.
1087 2659 1220 2696 Nysseni.

248 2699 257 2716 t
279 2698 348 2725 Cod.
364 2699 426 2726 Par.
442 2700 507 2725 ἔστι,
1128 2698 1156 2719 234³»
1178 2699 1221 2726 Cf.
1239 2701 1342 2727 Annot.
1358 2700 1386 2727 in
1403 2699 1509 2726 Plotin.
1525 2709 1553 2735 p.
1568 2707 1612 2734 57.
1627 2699 1658 2725 B.
1702 2699 1843 2725 Caeterum
1865 2699 1926 2726 haec
