2102 3015
724 152 989 188 ΔΙΑΛΟΓΟΣ
1021 153 1139 189 ΠΕΡΙ
1169 154 1364 191 ΨΥΧΗΣ.
1809 168 1908 206 1437

116 244 166 278 40
177 274 244 296 ναι.
288 274 344 294 και
374 260 476 294 τοῦτο
506 254 821 306 προσποιησαίμην
852 271 938 304 οπερ
967 255 1010 292 αὖ
1037 254 1226 321 πολύκριτε
1252 256 1331 297 τοὺς
1363 260 1409 297 εἰς
1436 257 1522 310 ὄψιν
1552 262 1624 299 τοῖς
1654 259 1906 311 ὀφθαλμιῶσιν

176 311 389 363 ἀφιγμενους
415 312 508 363 φασὶ
533 309 687 361 πάσχειν
712 309 980 358 μεταδιδομενης
1006 312 1055 348 τῶ
1080 309 1250 358 πνεύματι
1276 329 1336 359 της
1364 311 1482 351 νόσου.
1516 314 1651 352 τοιοῦτό
1679 332 1719 353 το
1749 332 1805 353 και
1832 317 1906 362 ε’μοῖ

175 371 298 407 παθεῖν
318 367 452 415 συνέβη
473 365 780 417 δυσχεραίνοντα
767 369 892 416 ορῶντι
911 380 966 403 σε·
999 365 1060 403 καί
1080 382 1123 413 με
1149 366 1273 415 ὀλίγου
1293 384 1349 404 και
1372 368 1477 406 αὑτὸν
1496 368 1540 407 τὰ
1560 369 1662 418 ὁμοία
1681 387 1741 408 σοι
1761 372 1904 421 ἀπορεῖν

174 433 311 481 ἐπῆρεν.
345 431 384 468 οὐ
408 429 477 478 μὴν
495 431 531 468 ἐν
551 428 600 470 οἷς
620 446 668 467 συ
687 429 776 470 οἴεις.
811 433 921 467 ταῦτα
946 428 1009 476 μὲν
1032 427 1102 479 γὰρ
1126 430 1223 467 οὔπω
1246 430 1400 478 συνίημι.
1431 449 1509 497 περι
1529 431 1576 470 ὧν
1596 434 1623 470 δ’
1645 431 1687 471 ἂν
1706 436 1830 483 ἀγνοοῖ
1841 452 1902 481 τις,

173 486 250 525 οὐδε
279 485 343 534 τὴν
369 485 480 554 ἀρχὴν
505 484 603 523 οὐδὲν
626 485 703 523 ἄντι
729 486 786 522 καὶ
809 484 909 536 ἄξιον
929 484 1039 534 λόγου
1058 484 1177 522 πάθοι.
1210 485 1292 522 ἀλλ
1313 486 1419 523 εκεῖνο
1441 486 1602 533 μάλιστα
1622 488 1881 538 θαυμάσαιμι
1861 496 1904 528 ἀν

172 545 222 580 τῶ
240 541 387 580 πλάτων
408 545 435 579 εἱ
456 541 554 592 ἕξεις·
583 540 672 587 (Sic
697 540 807 579 F01·.t
825 543 875 592 τῷ
895 539 1066 578 Πλάτωνι
1086 543 1114 578 εἱ
1133 540 1221 592 ἕξεις
1241 539 1291 580 οἷς
1310 557 1404 578 τισιν
1424 540 1467 579 ὰν
1487 544 1583 594 διαφ.
1589 561 1683 582 —7r.
1707 546 1902 595 ἀνθρώπων

172 614 205 635 κ.
220 614 252 635 τ.
268 602 322 645 λ.)
346 597 440 635 τίσιν
455 595 498 634 ἂν
513 594 744 645 διαπορησαις
758 595 973 647 σαφεστατα
991 594 1032 644 δὴ
1051 594 1194 634 πάντων
1213 596 1308 633 ἀνῶν
1327 612 1384 633 και
1402 597 1627 636 πιθανώτατα
1644 617 1724 649 περι
1743 600 1903 639 ἑκαστων

172 651 349 701 ἐγνωκότι.
382 669 439 690 και
467 650 569 690 τοῦτό
597 652 695 689 ε’στιν
721 655 748 688 ὠ
773 650 919 701 μακάριε
945 669 964 689 ο
989 668 1032 699 με
1061 652 1112 689 ἀει
1137 650 1284 700 πιεηζει
1266 668 1318 689 οτι
1343 652 1379 688 ἐν
1403 651 1454 692 οἷς
1477 654 1532 689 καὶ
1558 654 1595 693 ὗς
1614 654 1752 702 μάθοι
1739 673 1849 723 εγωγε
1869 674 1901 694 τι

171 706 355 756 δυσμαθής
374 710 451 755 εἶμι.
482 724 538 745 και
557 709 671 744 σκαιῶ
690 723 755 744 τινι
775 705 838 754 τὴν
856 706 1000 756 γνώμην
1019 706 1124 744 εὀικα.
1157 706 1308 756 ἀνταιρω
1327 705 1364 744 τέ
1390 708 1446 744 καὶ
1473 708 1533 745 οὐκ
1552 709 1741 757 ἀγαπητῶς
1761 711 1898 760 ἕπομαι.

170 763 297 811 ταύτης
322 762 386 810 μὲν
412 763 472 800 οὐν
497 764 558 809 τῆς
584 762 728 802 νωθειας
752 761 928 800 ἐπειδὰν’
908 779 1034 811 ακουης
1053 780 1121 810 μου
1141 761 1339 813 διεξιόντος·
1372 761 1452 800 67r0L
1470 779 1530 810 μοι
1549 764 1762 812 συντιθεμαι,
1783 770 1810 804 εἱ
1831 766 1901 807 οῖος

170 817 207 856 τὲ
227 818 303 867 ἐση,
323 817 413 869 ταχὺ
432 817 475 856 ἂν
494 834 537 866 με
556 816 796 868 ἀπαλλάξαις.
826 817 912 858 ’Lo’w9
932 817 967 855 δὲ
987 819 1043 855 καὶ
1062 835 1110 855 συ
1133 818 1182 865 (F
1185 824 1262 856 ort.
1285 819 1359 869 σοι)
1381 816 1492 855 ταυτὰ
1511 819 1585 866 ἐμοι
1604 819 1783 871 συνδόξοι.
1816 823 1899 859 ἀλλ’

170 874 298 921 ηδιστα
324 872 367 911 ἂν
393 872 582 920 ἀκούσαιμι
601 876 685 911 ποῖα
714 872 786 910 ἅττ’
808 874 906 911 ἐστιν
932 873 971 910 οὗ
996 872 1045 921 μὴ
1071 874 1184 923 ὀρθῶς
1209 873 1342 922 ἡγεῖται
1366 871 1527 911 πλάτων.
1560 875 1642 924 ὁρᾶς
1662 892 1689 912 ω
1712 876 1898 923 τιμόκλεις·

169 930 216 969 ὡς
235 930 289 994 ἐφ’
311 929 408 979 ὕβρει
430 933 534 966 τοῦτο
563 929 675 977 λέγεις
695 945 751 966 και
780 929 932 979 ἀτεχνῶς
952 927 1186 979 διαχλευάζεις
1209 933 1277 976 μοῦ
1297 928 1419 978 ὥσπερ
1438 928 1593 979 ἄφρονος
1611 947 1673 968 τον
1692 929 1847 980 λόγον,
1832 932 1900 981 εγὼ

169 983 204 1022 δὲ
223 983 337 1023 πάλαι
356 985 396 1022 οὐ
415 988 518 1022 τοῦτο
538 984 663 1033 λεγω
653 983 705 1022 ότι
725 984 765 1021 οὑ
784 985 933 1024 καλῶς’
920 999 1059 1032 εγνωκε·
1091 983 1139 1022 σὺ
1162 983 1234 1022 δε
1223 983 1340 1032 όμοιος
1359 987 1388 1022 εἰ
1406 986 1455 1021 τῶ
1474 983 1635 1032 μάλιστα
1654 986 1837 1035 κατεαγότι
1857 988 1900 1025 τὰ

168 1038 270 1078 ‹Bra-h
300 1041 392 1091 φημι
411 1039 484 1077 δε
467 1057 519 1077 οτι
538 1043 648 1077 ταῦτα
668 1040 714 1079 ὡς
732 1056 849 1087 μεντοι
869 1039 955 1079 ἰσως
975 1039 1043 1090 ἐχει
1062 1040 1215 1086 βελτιον·
1247 1039 1316 1088 ἐγὼ
1336 1038 1418 1078 δε
1391 1057 1512 1090 ωσπερ
1532 1040 1710 1089 κεκμηκὼς
1729 1043 1765 1079 ἐν
1783 1041 1900 1092 δρόμω

169 1095 419 1143 ἀπολείπομαι.
442 1095 519 1133 ε”στι
537 1094 573 1133 δὲ
593 1094 724 1145 σχεδὸν
743 1093 766 1132 ἃ
784 1097 949 1144 διαπορῶ,
964 1094 1009 1133 τὰ
1023 1096 1102 1144 περὶ
1118 1094 1314 1135 ἀθανασίας
1329 1097 1461 1147 ψυχῆς.
1484 1096 1519 1133 ἐν
1535 1094 1585 1136 οῖς
1599 1095 1722 1134 πολλὰ
1737 1099 1793 1135 καὶ
1809 1098 1902 1136 καλὰ

108 1169 152 1203 41
168 1150 315 1212 ἔναγχος
335 1151 415 1199 ἡμῖν
435 1152 568 1198 διῆλθε·
596 1149 851 1200 προσβιβάζων
871 1151 927 1188 καὶ
948 1151 1178 1198 διατιθέμενος
1198 1151 1348 1188 ἕκαστον
1368 1153 1413 1191 εἰς
1438 1149 1516 1188 δεόν
1538 1153 1580 1199 τῆ
1606 1152 1780 1190 ὑποθέσει.
1815 1153 1901 1193 ἴσως

169 1205 205 1243 δε
228 1206 271 1243 αὖ
291 1209 410 1256 ληρεῖν
429 1223 489 1243 σοι
509 1205 782 1253 νομισθήσομαι,
801 1209 828 1243 εἱ
851 1208 900 1243 τῶ
924 1205 1086 1244 ἀθανάτω
1106 1206 1328 1258 διαφερομαι·
1359 1205 1427 1255 ἐγὼ
1448 1205 1528 1244 δε
1503 1210 1530 1243 ὠ
1549 1206 1723 1254 θαυμάσιε
1743 1208 1898 1247 οὐδέποτ’

168 1259 211 1299 ἂν
239 1260 402 1313 φθαρτὴν
431 1262 500 1299 οὐδ’
522 1262 558 1299 ἐν
587 1261 706 1300 ὕπνοις
735 1261 896 1309 οἷηθεί.ην
929 1262 1001 1312 οὐχ
1024 1262 1113 1299 οὕτω
1141 1261 1401 1312 παραπληξιῶν
1429 1261 1540 1312 εχωῙΟ.
1572 1261 1735 1309 μάλιστά
1762 1281 1803 1312 γε
1831 1264 1901 1312 μὴν

169 1317 324 1355 ἐντεῦθεν
349 1316 534 1354 ἀθανάτων
560 1319 609 1354 τῶ
634 1317 732 1366 ἀνδρι
757 1320 921 1364 τιμῶμαι·
954 1318 1009 1355 καὶ
1029 1316 1146 1367 χώρας
1165 1318 1201 1354 ἐν
1219 1316 1387 1364 μακάρων
1407 1316 1448 1365 δή
1469 1334 1563 1355 τισιν
1589 1318 1761 1359 ἀποικιαις
1788 1320 1828 1357 δι’
1851 1319 1900 1358 ὡν

169 1371 203 1410 δὲ
232 1372 325 1420 ὅμως
348 1370 388 1410 τὸ
413 1370 589 1410 ἀθάνατον
614 1373 656 1419 τῆ
680 1374 780 1437 ψυχῆ
805 1376 1041 1422 περιποιεῖται,
1061 1372 1194 1412 τούτοις
1218 1389 1278 1410 ποι
1304 1370 1331 1409 ῶ
1356 1371 1540 1420 τιμόκλεις,
1565 1374 1845 1425 ἀμφισβητεῖν’
1832 1393 1900 1426 εχω

168 1444 224 1465 και
247 1427 336 1494 εἰμοι
361 1426 598 1495 ὁμολόγησεις
624 1428 773 1467 ἀνεκτῶς
796 1427 931 1465 ἀκούειν
950 1445 1017 1475 μου
1037 1445 1093 1465 και
1117 1426 1166 1475 μὴ
1186 1427 1285 1467 εὐθυς
1304 1445 1392 1477 προς
1412 1428 1563 1466 ε’καστον
1582 1433 1801 1479 χαλεπανεῖς,
1821 1432 1898 1481 τάχ’

167 1481 210 1520 ἂν
238 1500 286 1520 συ
311 1500 348 1521 τε
376 1482 434 1530 ἐμὲ
463 1482 603 1522 ὀνιναις·
641 1482 738 1548 καγὼ
763 1481 804 1520 τὸ
832 1484 957 1521 δοκουν
981 1500 1040 1531 μοι
1069 1484 1177 1523 ἀδεῶς
1203 1483 1331 1534 ἐξείποι
1322 1500 1381 1531 7LLL.
1415 1484 1540 1521 οὐκοῦν
1566 1484 1682 1534 λέγειν
1694 1485 1772 1551 χρὴ
1796 1485 1899 1535 μόγις

167 1538 348 1576 ἀνύτοντα.
381 1536 472 1576 οἶσθ’
494 1538 555 1576 οὖν
573 1536 600 1575 ὦ
619 1537 793 1585 τιμόκλεις
812 1538 850 1575 τί
868 1555 927 1586 μοι
946 1537 1102 1576 δεδοκται
1121 1541 1185 1577 ποῖ
1199 1537 1373 1586 μάλιστα.
1404 1541 1530 1604 χρῆναι
1551 1541 1641 1591 φημι
1660 1540 1754 1588 τάμὰ
1773 1541 1899 1592 κομψὰ

166 1597 277 1631 ταῦτα
296 1610 352 1631 και
371 1592 598 1659 δημηγορικά.
628 1592 700 1631 οἷον
719 1593 886 1641 μεθόδους
905 1611 941 1631 τε
967 1610 1023 1632 και
1050 1593 1249 1645 στροφάς’
1232 1594 1515 1644 επιχαιρημάτων
1533 1594 1824 1642 μεταλλάττοντα
1843 1614 1900 1634 και

165 1648 444 1696 μετατιθέμενον
476 1648 611 1689 κάλλος
629 1666 666 1686 τε
687 1649 875 1704 ἑρμηνειας
890 1666 946 1686 και
961 1650 1171 1699 ἀκριβειαν’
1156 1648 1336 1696 ονομάτων
1351 1649 1401 1689 οῖς
1416 1650 1534 1687 ἐκεῖνοι
1553 1649 1744 1699 κράτιστον
1763 1651 1895 1689 εὐδοκι-

166 1708 309 1751 μοῦντες
324 1707 394 1742 τῶν
409 1703 519 1742 ὄντων
538 1721 618 1744 τους
637 1705 740 1744 ἀνὸυς
766 1704 1000 1754 (ἀνθρώπους)
1032 1703 1254 1756 ἐξαρτῶσιῌ.
1297 1708 1368 1745 τοῖς
1399 1707 1520 1745 δεινοῖς
1550 1706 1688 1757 ἀφεῖναι
1718 1705 1897 1756 ῥήτορσιν.

168 1759 253 1799 ἴσως
272 1777 335 1807 μεν
354 1758 424 1809 γὰρ
444 1760 506 1797 οὐκ
522 1758 565 1797 ἂν
584 1759 764 1807 δυναίμην·
791 1763 943 1829 μᾶλλον
953 1760 1070 1807 μέντοι
1088 1777 1211 1810 πρεπει
1230 1777 1271 1810 γε
1291 1761 1344 1811 ἐφ’
1367 1760 1464 1808 ἡμῶν
1484 1761 1598 1798 αυτῶν
1617 1761 1668 1799 ἐπ’
1690 1762 1831 1811 ἐρημίας
1847 1766 1896 1800 τῶ

168 1815 235 1852 ι’σω
260 1813 379 1865 τρόπω
405 1817 642 1865 διαλεχθῆναι.
679 1815 760 1852 ἀλλ’
789 1832 883 1855 οπως
908 1815 968 1853 οἰει
995 1819 1022 1852 ὠ
1047 1815 1236 1883 πολύκριτε
1265 1814 1445 1853 κάλλιστα
1473 1818 1686 1866 διαπερᾶναι,
1707 1817 1815 1865 ταύτη
1841 1835 1897 1856 και

168 1869 270 1910 αὐτὸς
298 1870 443 1921 ἕψομαι.
479 1872 531 1908 δεῖ
555 1887 671 1908 τοινυν
700 1868 728 1907 ῶ
755 1870 878 1920 ἄριστε
904 1874 1027 1920 πρῶτα
1055 1870 1118 1918 μὲν
1143 1873 1248 1909 εἷπειν
1274 1870 1373 1909 πόσα
1398 1888 1435 1908 τε
1461 1888 1517 1909 και
1542 1875 1626 1909 ποῖα
1649 1873 1725 1909 ἐστι
1748 1889 1826 1922 περι
1851 1871 1899 1911 ὧν

166 1924 387 1975 προὺθεμεθα
406 1929 564 1963 σκοπεῖν.
597 1925 714 1964 ἔπειτα
732 1929 921 1975 πειρᾶσθαι
941 1929 1065 1972 λαβεῖν
1084 1925 1272 1975 ἀγώνισμά
1286 1943 1319 1964 τι
1338 1928 1399 1974 τῆς
1414 1926 1565 1966 διανοίας
1585 1926 1696 1978 ἄξιον.
1722 1928 1758 1965 εὖ
1773 1928 1896 1977 λεγεις·

167 1979 265 2017 ἀλλὰ
283 1983 391 2048 πειρῶ
410 1979 517 2049 μηδὲν
536 1981 710 2019 ἐλλείπων
720 1980 755 2018 ¹².
789 1981 865 2019 ἔστι
885 1982 1000 2019 τοίνυν
1018 1985 1159 2031 πρῶτον
1177 1981 1240 2029 μὲν
1263 1981 1303 2019 οὗ
1322 1999 1381 2029 μοι
1406 1983 1501 2019 δοκεῖ
1521 1980 1683 2029 μάλιστα
1702 1983 1833 2033 χαίρειν
1853 1987 1897 2034 τῇ

167 2035 308 2085 εὑρεσει,
329 2035 381 2073 ὅτι
408 2035 513 2073 οὶεται
538 2053 595 2074 και
621 2038 704 2086 πρὶν
727 2041 901 2074 κοινωνεῖν
925 2036 1064 2085 σώματι
1084 2036 1148 2084 τὴν
1166 2035 1289 2088 ψυχὴν
1308 2035 1403 2075 εἶναι.
1436 2036 1595 2087 δεύτερον
1616 2036 1700 2085 δε,”’
1683 2055 1735 2076 οτι
1760 2038 1828 2076 δεόι
1855 2039 1895 2077 τὸ

167 2091 268 2140 ζῶν’
252 2108 288 2128 εκ
308 2092 525 2130 τεθνεῶτος
513 2090 611 2131 ὄντος
630 2092 700 2142 ζην.
736 2092 853 2130 ἔπειτα
874 2091 988 2141 λεγων
1008 2091 1131 2144 ἑξῆς,”
1114 2109 1165 2130 οτι
1184 2091 1283 2142 τύχοι
1302 2092 1464 2130 ἕκαστον·
1492 2091 1545 2130 ὅτι
1563 2110 1600 2130 τε
1619 2094 1655 2131 ἐν
1675 2095 1813 2160 φρουρᾶ
1831 2111 1896 2132 τινι

167 2146 285 2193 ἐσμέν·
317 2163 373 2183 και
402 2147 557 2194 ἀναγκην
587 2144 681 2193 εἶναι,
702 2164 748 2188 εις
775 2146 899 2186 πολλὰ
926 2151 1139 2198 μεταχωρεῖν
1167 2147 1329 2196 σώματα,
1348 2147 1470 2197 ὥσπερ
1497 2148 1589 2198 ὕδωρ
1609 2148 1651 2200 ἐξ
1674 2149 1825 2198 ἀγγειων
1851 2152 1896 2189 εἷς

167 2203 290 2250 ἀγγεῖα
317 2218 425 2250 μετρη
451 2200 644 2250 ῥεουσάνῙᾸ.
681 2203 755 2250 ἐμοι
781 2207 868 2252 γοῦν
896 2204 991 2241 δοκεῖ
1014 2220 1093 2253 περι
1118 2207 1179 2240 τοῦ
1204 2206 1359 2252 προεῖναι
1385 2205 1454 2240 δεῖν
1479 2201 1543 2251 τὴν
1562 2202 1707 2271 ζητησιν
1726 2203 1895 2254 πρότερον

167 2255 401 2304 ποιήσασθαι·
432 2256 519 2294 ἐοικε
545 2256 580 2294 δὲ
606 2259 655 2308 τῷ
675 2260 793 2296 τοιῶδε
815 2257 977 2306 μάλιστα
1002 2259 1183 2309 ἐπιχειρεῖν
1202 2261 1250 2296 τῶ
1272 2257 1381 2309 φάναι
1403 2262 1506 2296 τοῦτο
1526 2262 1609 2296 εἶναι
1630 2259 1648 2297 6
1667 2276 1700 2297 τι
1719 2276 1771 2299 τις
1790 2259 1895 2306 μάθοι

210 2384 223 2404 ἵ)
248 2384 332 2411 Plato
356 2384 443 2420 Gorg.
470 2393 497 2419 p.
514 2392 582 2419 5¹5·
599 2394 623 2411 e.
649 2387 699 2410 τῶν
722 2386 753 2410 τὰ
777 2383 827 2411 ὦτα
852 2388 1010 2422 κατεαγότων
1052 2387 1094 2414 De
1110 2386 1250 2414 vzocnbulo
1268 2387 1432 2422 παραπληξια
1451 2393 1479 2413 et
1498 2387 1627 2425 cognatis
1643 2387 1843 2414 vid.1.0l›e‹·k
1860 2389 1894 2415 nd

169 2425 267 2451 ἀκούεις
288 2426 367 2450 ταῦτα
389 2424 438 2451 ubi
458 2424 514 2451 vid.
532 2424 682 2452 Heindorf.
705 2434 731 2461 p.
751 2426 816 2460 238.
837 2432 866 2453 et
886 2427 1009 2454 eundem
1052 2427 1204 2464 l’hrynich.
1222 2428 1326 2461 Parerg
1329 2427 1372 2453 Ι.
1393 2437 1419 2463 p.
1433 2434 1499 2463 5,0

170 2466 204 2492 ad
222 2466 367 2501 l'rotagor.
387 2466 427 2501 (p.
445 2473 512 2500 342.
530 2465 570 2497 b.)
588 2474 615 2501 p.
629 2472 697 2500 579.
714 2471 742 2492 et
758 2465 792 2492 cf
809 2466 843 2493 de
858 2467 901 2493 his
916 2468 1011 2504 dispu-
1094 2466 1117 2487 ll
1145 2469 1219 2495 Ante
1245 2468 1342 2495 oculos
1369 2467 1501 2494 habuisse
1523 2467 1638 2494 videtur
1659 2473 1759 2494 auctor
1784 2468 1884 2503 Dialog
1877 2470 1894 2495 ἰ

170 2512 279 2533 tantem
298 2511 325 2532 et
344 2514 377 2532 ex
396 2505 579 2541 antiquorum
602 2505 747 2542 signorum
768 2507 1010 2541 gymnasticorum
1053 2508 1179 2535 Socratis
1203 2508 1417 2535 excusationem
1441 2508 1515 2544 apud
1532 2508 1680 2534 Platonem
1704 2507 1731 2534 in
1753 2508 1893 2535 (Ἣυιιιίιίο

170 2547 305 2582 adspectu
320 2545 380 2572 haec
393 2545 583 2581 explicantem
594 2545 881 2574 .10.Winckelmann.
894 2548 923 2574 in
936 2548 1009 2584 Ope
1053 2558 1079 2585 p.
1098 2550 1161 2583 198.
1179 2559 1218 2585 sqv
1243 2558 1268 2584 p.
1282 2549 1448 2583 418—420.
1466 2548 1599 2575 ssekkeri.

170 2587 247 2613 ribus
264 2586 289 2611 V
291 2586 328 2612 ol.
346 2586 382 2612 ΙΙ.
406 2595 432 2622 p.
448 2594 516 2621 435.
536 2592 564 2613 et
581 2586 630 2612 15¹.
653 2596 682 2622 p.
702 2595 866 2621 211—214.
882 2588 926 2615 ed.
943 2598 1008 2615 nov.
1094 2588 1119 2608 ¹2
1137 2589 1198 2616 Vid.
1216 2589 1326 2616 Praefat.
1343 2589 1377 2615 ad
1394 2589 1469 2614 hunc
1485 2589 1637 2619 dialogum,

170 2627 323 2654 Dresdens.
354 2626 406 2653 eui
419 2628 509 2664 junge
522 2627 627 2663 Corayi
643 2632 741 2653 annot.
754 2626 783 2653 in
796 2627 907 2655 Platon.
922 2629 1009 2666 Gorg.
1093 2628 1119 2648 115
1140 2630 1184 2656 An
1204 2630 1287 2665 μέτρῳ
1305 2629 1434 2663 ῥέουσαν.>
1458 2628 1522 2655 Vid.
1540 2628 1671 2664 Sylburg.
1688 2634 1716 2654 et
1733 2627 1840 2656 Pom-r.
1858 2631 1893 2658 ad

170 2677 197 2703 p.
212 2668 278 2702 348.
1053 2669 1194 2696 (tlement.
1210 2670 1290 2696 Alex.
1308 2670 1445 2695 stt-orum.
1463 2678 1489 2704 p.
1503 2677 1516 2703 7
1527 2678 1534 2694 ι
1547 2677 1568 2694 1.
1612 2668 1667 2695 Sed
1684 2668 1750 2696 huic
1766 2669 1829 2697 loco
1845 2680 1891 2697 nc-

212 2706 236 2727 lo
258 2707 343 2735 Adde
359 2706 406 2734 vel
426 2706 544 2734 Pluralis
567 2715 653 2735 causa
673 2707 750 2735 hunc
771 2707 865 2735 locum
886 2709 1009 2737 Lexicis.
1053 2709 1263 2737 commodatius
1278 2709 1390 2736 videtur
1403 2709 1602 2743 μετιιῤῥεόυσαν.
