2102 3015
730 181 933 221 LIBER
971 181 1316 219 SECUNDUS.

1784 194 1884 231 1129

48 263 140 315 615

116 326 147 356 D
158 297 443 359 κατόπτροις,

159 366 260 424 ἔξω,
284 389 358 412 και
380 366 516 427 μέχρι
542 368 620 410 τοῦ
643 385 729 425 προ
755 367 833 408 τοῦ
860 361 1102 419 εὶδώλου,’
1085 383 1107 407 ο
1135 382 1290 417 νοητος
1316 360 1484 418 κόσμος
1512 358 1633 409 ἅπας
1659 361 1810 410 τέλεος
1837 364 1885 408 ἐκ

475 295 554 345 ἕως
582 295 638 340 ἂν
663 316 713 340 το
740 293 998 355 ἀρχέτυπον
1022 294 1146 376 παρῇ
1173 291 1270 347 ἔξω.
1325 297 1410 337 Δεῖ
1433 292 1480 337 δὲ
1505 298 1685 349 λαβεῖν,
1716 297 1810 342 πῶς
1833 315 1883 338 το

157 435 342 482 πάντων
380 455 564 491 νοητων,
607 431 759 495 ὡσπερ
793 432 866 478 ὅδε
897 434 1080 488 μίμημα
1115 428 1175 476 ὢν
1208 432 1394 487 ἐκείνου,
1434 432 1528 475 καθ’
1564 429 1672 475 ὅσον
1709 429 1800 475 οἶόν
1836 453 1885 477 τε

159 505 414 561 ἀποσώζειν
441 503 587 550 εἰκόνα
616 502 724 558 ζώου
752 505 862 558 ζῶον
888 500 1014 546 αὐτό·
1053 503 1109 550 ὡς
1135 500 1185 546 τὸ
1211 500 1526 561 γεγραμμένον
1552 496 1579 555 ὴ
1606 498 1656 544 τὸ
1685 500 1732 544 ἐν
1759 500 1884 545 ὕδατι

158 574 431 634 φάντασμα,
455 577 533 618 τοῦ
552 572 637 634 πρὸ
658 572 816 621 ὕδατος
842 572 916 616 καὶ
936 574 1117 632 γραφῆς
1143 572 1378 619 δοκοῦντος
1405 569 1537 625 εἶναι,
1562 568 1612 614 τὸ
1634 568 1680 614 δὲ
1701 571 1913 626 μίμημα5

158 644 207 690 τὸ
237 646 283 689 ἐν
308 645 462 706 γραφῇ
488 643 562 688 καὶ
588 642 734 698 ὕδατι,
765 641 814 686 οὐ
847 644 926 686 τοῦ
962 639 1324 701 συναμφοτέρου,
1356 638 1476 684 ἀλλὰ
1509 642 1588 684 τοῦ
1624 638 1773 699 ἑτέρου
1807 643 1885 684 τοῦ

118 712 467 774 Εμορφωθέντος
504 710 591 757 ὑπὸ
627 710 826 772 θατέρου.
870 713 1028 766 νοητοῦ
1062 711 1210 754 τοίνυν
1245 706 1371 754 εἱκῶν
1398 707 1570 769 ἔχουσα
1606 706 1881 765 ἰνδάλματα,

159 785 208 829 οὐ
242 787 320 828 τοῦ
357 779 671 836 πεποιηκότος,
703 779 821 825 ἀλλὰ
855 783 944 825 τῶν
976 778 1309 840 περιεχομένων
1346 779 1393 823 ἐν
1418 780 1478 841 τῷ
1511 776 1797 836 πεποιηκότι,
1827 778 1886 824 ὧν

158 855 231 898 καὶ
259 850 506 912 ἅνθρωπος,
537 852 611 895 καὶ
638 847 749 895 εἵλλο
775 853 870 895 πᾶν
897 852 1022 905 ζῶον·
1053 851 1163 903 ζῶον
1189 848 1236 893 δὲ
1261 849 1335 893 καὶ
1362 851 1491 893 τοῦτο
1518 849 1591 893 καὶ
1619 846 1669 892 τὸ
1695 869 1883 904 πεποιη-

158 921 250 977 κὸς,
282 918 428 969 ἄλλως
455 917 683 980 ἑκάτερον,
714 920 788 964 καὶ
815 916 950 977 ἄμφω
979 919 1026 963 ἐν
1053 919 1209 981 νοητῷ.
1900 937 1938 957 10

157 1070 169 1092 x
192 1045 210 1060 1.
235 1039 275 1059 Δεῖ
290 1036 400 1066 ὂε-’έξω]
424 1036 519 1059 Desunt
538 1036 587 1059 haec
606 1036 631 1058 in
651 1035 708 1058 Cod.
743 1036 770 1058 C.
785 1035 839 1059 Vat.
858 1036 907 1062 ita:
926 1036 965 1058 sed
985 1035 1034 1058 rell.
1054 1043 1108 1057 cum
1130 1035 1173 1057 Ed.
1194 1034 1231 1056 τοῦ
1248 1034 1298 1065 oreb-
1332 1035 1381 1057 siz.
1406 1034 1474 1057 Mon.
1489 1034 1515 1057 C.
1531 1034 1586 1056 Vat.
1601 1034 1625 1055 τὸ
1762 1034 1833 1062 Quod
1852 1042 1887 1057 re-

171 1070 212 1093 'at.
743 1078 789 1090 mm.
1331 1067 1388 1098 cepi.

240 1112 261 1124 ιι,
274 1102 311 1131 πρὸ
325 1102 372 1131 τοῦ]
389 1102 462 1124 Codd.
476 1101 565 1124 Mart-c.
576 1101 625 1124 ciz.
640 1101 708 1123 Mon.
775 1108 797 1128 4.
817 1100 872 1122 ὥστε
891 1099 1057 1131 γεγραμμένοι]
1076 1100 1149 1123 Codd.
1170 1099 1247 1122 Marc.
1265 1100 1297 1122 Α.
1368 1107 1403 1123 10.
1422 1099 1512 1129 ἄλλως]
1532 1099 1589 1122 Cod.
1603 1099 1652 1122 (tiz.
1666 1098 1721 1120 ἀλλ’
1735 1098 1770 1123 ὡς.

1641 1042 1683 1064 ΡΓΟ
1696 1043 1726 1056 ΤΞ-

156 1189 241 1232 quod
256 1189 366 1220 animae
382 1196 570 1237 postremum
584 1195 640 1225 est,
653 1188 806 1235 reliquum
821 1187 893 1218 univ
897 1199 998 1218 cisum

158 1244 217 1263 non
235 1232 398 1274 plohibet
393 1244 423 1262 m
439 1231 539 1274 gradu
556 1243 689 1273 supeino
704 1230 878 1261 consisteime
919 1231 996 1261 F-.01

156 1287 208 1306 san
226 1287 298 1306 vero
312 1283 342 1306 ct
358 1258 458 1317 quode·
461 1275 571 1305 animae
591 1274 730 1304 infimum
752 1273 937 1315 appellatur,
954 1282 1000 1304 est

158 1319 252 1361 ipsius
268 1319 388 1366 imago,
397 1330 497 1360 neque
513 1317 584 1348 inde
599 1318 754 1359 sejuncta:
781 1317 833 1347 sed
849 1317 997 1358 quemad

158 1361 304 1392 modum
299 1362 446 1403 imagines
458 1373 488 1391 m
502 1359 632 1403 speculis
643 1368 838 1402 apparentes,
851 1360 1001 1401 quamdiu

159 1404 326 1447 primipale
342 1404 498 1447 exemplar
513 1404 614 1434 adstat
629 1404 826 1434 extiinsecus.
853 1403 913 1433 Sed
930 1415 970 1444 op
973 1415 1002 1433 e-

160 1460 200 1478 1ae
223 1448 357 1490 pretium
376 1455 421 1478 est
441 1447 643 1484 considerare,
659 1446 816 1488 quomodo
833 1446 892 1476 tale
907 1446 998 1488 quid-

159 1491 229 1522 dam
255 1491 443 1522 extrinsecus
467 1502 531 1521 esse
552 1490 682 1521 dicatm.
730 1490 876 1520 Profecto
901 1501 1000 1531 usque

158 1534 198 1565 ad
215 1533 302 1571 illud,
320 1534 404 1576 quod
420 1534 560 1576 proxime
575 1540 620 1563 est
636 1544 729 1575 super
743 1532 853 1563 animae
874 1532 999 1563 simula-

159 1577 279 1613 chrum,
307 1576 506 1619 intelligibilis
531 1575 668 1606 mundus
694 1583 739 1606 est
767 1583 850 1606 totus
876 1574 1001 1606 omniuo

160 1620 324 1662 perfectus,
341 1632 379 1650 ex
395 1620 513 1650 cunctis
535 1618 778 1660 intelligibilibus
801 1618 999 1657 constitutus,

159 1663 421 1705 quemadmodum
438 1663 484 1694 fei
486 1674 534 1694 me
550 1674 580 1692 se
596 1662 690 1692 habet
703 1662 754 1692 hic
774 1661 938 1692 mundus
932 1662 999 1692 imi-

160 1707 233 1737 tatio
248 1706 392 1748 quaedam
408 1705 499 1743 illius,
516 1705 620 1748 quoad
636 1716 702 1736 serv
705 1717 756 1736 are
776 1712 877 1747 potest
891 1705 998 1747 imagi-

1043 1199 1112 1217 nem
1128 1187 1258 1218 viventis
1273 1186 1354 1217 illius
1370 1187 1486 1217 vivens.
1519 1186 1605 1217 Sicut
1620 1186 1788 1217 similitudo
1804 1199 1888 1229 quae-

1043 1230 1114 1261 dam
1130 1242 1281 1272 appatens
1297 1229 1367 1260 xel
1361 1242 1391 1260 ln
1407 1230 1529 1272 pictura
1541 1230 1588 1260 vel
1604 1241 1696 1271 aqua,
1708 1230 1788 1260 illius
1805 1230 1888 1261 vide

1044 1273 1123 1310 licet,
1140 1273 1225 1315 quod
1246 1284 1339 1321 supei
1355 1284 1469 1321 aquam
1491 1273 1707 1320 pictiliaintlile
1722 1284 1786 1304 esse
1802 1273 1888 1304 vide-

1044 1324 1106 1347 tur.
1152 1316 1288 1347 Pioinde
1311 1316 1441 1347 imitatio
1464 1328 1494 1346 ιιι
1518 1316 1638 1358 pictura
1654 1316 1701 1346 vel
1717 1328 1809 1358 aqua,
1826 1328 1887 1347 non

1048 1360 1210 1401 utriusque
1235 1359 1325 1390 simul
1348 1359 1478 1390 imitatio
1503 1366 1558 1396 est,
1582 1359 1634 1390 sed
1657 1359 1783 1390 alteiius
1806 1359 1887 1390 dun-

1047 1410 1142 1440 taxat,
1155 1402 1240 1444 quod
1252 1404 1418 1433 formatum
1435 1410 1481 1433 est
1495 1402 1535 1433 ab
1549 1402 1655 1433 altero.
1682 1402 1889 1445 Intelligibilis

1044 1446 1148 1488 itaque
1171 1445 1309 1476 mundi
1303 1457 1405 1486 imago
1427 1445 1641 1476 similitudines
1656 1446 1806 1487 quasdam
1830 1446 1887 1476 ha-

1044 1489 1106 1527 bet,
1122 1500 1183 1519 non
1199 1488 1326 1531 quidem
1347 1488 1497 1519 effectoris
1520 1488 1611 1526 illius,
1629 1489 1681 1519 sed
1701 1500 1807 1520 eorum
1831 1501 1887 1531 po-

1044 1532 1116 1570 tius,
1132 1544 1203 1574 quae
1218 1532 1249 1562 in
1265 1532 1406 1563 effectore
1424 1531 1740 1574 comprehenduntur,
1755 1544 1793 1563 ex
1809 1544 1888 1574 quo-

1045 1587 1115 1605 rum
1138 1586 1267 1606 numero
1288 1582 1378 1606 estet
1395 1575 1497 1612 homo,
1515 1582 1545 1606 et
1560 1575 1693 1617 quodvis
1714 1575 1799 1606 aliud
1821 1575 1887 1606 ani-

1045 1619 1123 1649 mal:
1148 1618 1254 1649 vivens
1270 1618 1396 1660 quidem
1412 1618 1588 1660 animalque
1604 1625 1649 1649 est
1663 1626 1693 1649 et
1714 1618 1772 1649 hoc
1792 1625 1822 1649 et
1843 1618 1888 1648 ef-

1045 1661 1152 1699 sector,
1169 1661 1222 1692 sed
1237 1661 1348 1692 aliter
1339 1669 1434 1709 atque
1449 1661 1554 1693 aliter:
1580 1669 1610 1692 et
1625 1661 1737 1692 ambo
1732 1673 1762 1692 1n
1778 1660 1887 1692 intelli-

1044 1704 1130 1747 gibili
1144 1685 1263 1736 inundo
1277 1704 1456 1736 consistunt.

1100 2795 1212 2824 302
