2102 3015
103 262 154 300 50
188 285 201 291 ,,

93 1295 137 1332 51

713 181 977 217 ΔΙΑΛΟΓΟΣ
1007 181 1126 217 ΠΕΡΙ
1156 182 1350 219 ΨΥΧΗΣ.
1793 196 1892 233 1447

165 291 201 322 εὐ
220 283 289 334 γὰρ
308 283 383 323 οἶδα
403 284 455 323 ὅτι
474 287 673 332 πλεῖσταμε
692 287 1008 333 προπηλακιοῦσιν,
1028 283 1101 322 εἰπὲ
1121 283 1149 330 ὅ,
1163 301 1195 322 τι
1222 283 1289 334 χρὴ
1314 283 1403 334 πρὸς
1422 284 1466 322 τὰ
1486 289 1547 323 νῦν
1566 285 1767 335 ἠπορημένα
1792 288 1883 324 ἀπο-

164 342 333 390 κριθῆναι.
365 343 393 378 εἰ
412 340 448 379 δὲ
466 339 524 388 μὴ,
544 340 580 377 εὑ
599 339 672 377 ἴσθι
693 339 745 377 ὅτι
764 356 822 387 μοι
843 339 979 388 ἀνάγκη
999 338 1060 387 ε’ίη,
1080 340 1116 376 ἐν
1135 339 1295 380 ἑκάστοις
1315 339 1492 389 διασύρειν
1509 357 1562 379 σε.
1596 371 1603 378 .
1637 373 1644 379 .
1677 371 1685 378 .
1717 343 1773 380 καὶ
1791 342 1828 380 τί
1843 342 1887 380 ἂν

163 394 268 433 εἰπὼν
288 395 399 444 ε”γωγε
417 395 619 447 πολυκρίτῳ
638 397 688 446 τῷ
707 398 805 433 καλῶ
824 394 1052 445 χαρισαίμην·
1085 394 1115 442 ἥ,
1129 411 1165 431 τε
1185 393 1254 443 γὰρ
1277 395 1462 435 πλάτωνος
1483 395 1569 447 δόξα
1589 395 1662 434 ε”ντε
1687 400 1799 435 πᾶσιν
1818 397 1882 436 ἕλ-

165 455 253 499 λησι
278 452 334 489 καὶ
352 450 448 500 παρὰ
467 454 616 490 πολλοῖς
635 453 706 487 τῶν
725 449 918 500 βαρβάρων
937 450 1055 490 δεινῶς
1080 449 1314 497 εὐδοκίμηκεν·
1345 449 1394 490 οἷς
1420 449 1455 488 τὲ
1481 451 1529 488 σύ
1555 453 1726 501 διαπορεῖς
1752 454 1788 490 ἐκ
1811 470 1884 491 πα-

162 509 264 544 λαιοῦ
285 523 456 554 κειμενους
476 508 637 544 διακινῶν
655 503 795 554 λόγους,
815 522 856 543 το
876 503 964 546 εἰκος
984 504 1137 543 ἐπεστιν.
1170 505 1226 542 ἐπι
1245 505 1433 554 δυσχερεσι
1452 507 1566 544 τοίνυν
1585 506 1802 556 πράγμασιν,
1823 509 1885 546 οὐκ

161 559 326 612 ἀσφαλες
344 578 561 612 παραχρημα
580 563 693 599 διαιτᾶ
706 564 803 628 τῶγε
823 561 880 598 καὶ
899 559 988 598 κατὰ
1006 558 1130 610 μικρὸν
1145 558 1352 612 φρονήσεως
1370 560 1610 611 μετεσχηκότι.
1632 565 1658 600 εἰ
1679 563 1739 600 οὖν
1758 564 1885 615 ἐφεξῆς

161 615 268 656 εἴποις
297 616 358 655 ε’ίτι
386 634 442 655 και
472 618 566 654 ἄλλο
594 617 737 665 ἀπορεῖν
760 615 858 666 ἔχεις,
877 614 970 667 τάχα
987 633 1028 665 γε
1048 616 1102 654 ε’πι
1122 617 1260 665 σχολῆς
1280 613 1344 666 ξυν
1364 618 1410 652 νῶ
1435 616 1716 664 δεδοκιμακὼς,’
1696 617 1884 668 απόκρισιν

160 670 204 709 ἅν
229 688 287 710 σοι
316 672 424 720 δοίην·
456 671 620 738 ἐξαπίνης
649 670 695 718 δὲ,
716 671 755 709 οὐ
782 671 913 721 ῥοίδιον·
946 674 996 723 τῷ
1024 673 1071 709 δι,-
1069 670 1144 709 αίω
1170 671 1294 721 φασιν,
1315 669 1413 707 οὐδὲν
1439 671 1635 710 ἀντιτείνειν
1655 671 1727 710 οἶόν
1745 688 1794 712 τε·
1828 676 1884 712 καὶ

159 725 267 774 σύμοι
287 728 401 765 δικαια
420 729 531 765 δοκῶν
550 726 706 776 λέγειν,
694 727 842 776 ὕστερον
861 743 941 767 τους
959 725 1089 776 λόγους
1108 724 1347 776 ἀπαιτηθήσῃ·
1380 729 1440 762 νῦν
1460 726 1487 763 δ
1506 727 1580 773 ἐμοι
1598 727 1779 777 προσήκει,
1799 730 1881 767 τοὺ-

157 799 226 829 μον
244 786 362 822 ποιεῖν.
401 782 525 820 οὐκοῦν
544 782 694 831 λεγομεν
712 781 824 833 ἀρχην
843 782 944 830 τήνδε
964 780 1159 833 εἰληφότες·
1191 780 1244 819 ὅτι
1263 797 1291 818 ει
1310 779 1350 818 τὸ
1370 783 1477 847 σῶμα
1496 783 1548 819 δεῖ
1564 782 1721 832 φρουραν
1741 785 1883 832 νομίσαι

157 834 280 887 ὥσπερ
298 838 334 875 ἐν
354 837 575 887 δεσμωτερίω
595 838 693 886 δίκην
713 837 790 876 τινὰ
808 840 869 885 τῆς
888 839 1008 889 ψυχῆς
1031 836 1278 884 ἀποτινούσης,
1298 835 1431 874 δεινὰ
1417 834 1506 874 άττα
1531 839 1635 874 ειπεῖν
1656 855 1702 878 εις
1728 839 1882 888 ἀνάγκην

158 891 300 943 ἥξομεν·
330 896 472 942 πρῶτον
490 910 554 941 μεν
572 892 641 943 γὰρ
661 892 794 931 ἄτοπον
813 891 878 941 τὴν
898 893 987 930 ιδιάν
1007 892 1306 944 καταλειφθείσαν
1324 895 1396 931 τοῖς
1419 894 1509 932 θεοῖς
1531 891 1651 942 χώραν
1669 894 1705 930 ἐν
1724 894 1745 942 ἡ
1764 912 1880 941 μακα-

155 948 238 997 ρι’ως
263 946 391 996 ζω77ν’
372 947 526 1017 αγήρων
538 965 594 986 και
619 947 758 1015 πλάνης
787 947 1096 997 ἀπαλλαγμενην’
1090 947 1245 998 ίσχουσι·
1278 964 1334 984 και
1360 945 1464 996 ἀρετὴ
1493 946 1556 994 μὲν
1579 950 1665 985 οἰκεῖ
1687 948 1818 997 φθόνος
1847 950 1883 989 δὲ

156 1002 414 1051 ἀπελήλαται-’6
415 1034 424 1050 ,
445 1004 564 1044 κακίας
583 1003 817 1054 ἐργαστήριον
836 1005 1005 1051 οἰηθῆναι·
1026 1003 1062 1040 τί
1078 1020 1147 1053 γαρ
1167 1006 1193 1040 εἰ
1214 1020 1271 1040 και
1290 1003 1326 1040 ἐν
1346 1003 1461 1042 αὐτοῖς
1480 1019 1630 1052 πονηρια
1650 1002 1793 1052 ι’δρυται,
1813 1008 1883 1043 τῶν

156 1058 192 1095 ἐν
210 1058 331 1106 πλάνη
351 1058 537 1097 διοίσουσι.
569 1058 733 1099 στάσεως
760 1058 824 1107 μὲν
843 1060 900 1097 καὶ
919 1059 1093 1106 ἀκοσμίας
1121 1057 1166 1096 τὰ
1195 1057 1262 1096 ὑπὸ
1291 1057 1448 1106 σελήνην
1476 1057 1592 1106 μεστὰ
1621 1056 1705 1096 ὅντα
1733 1063 1782 1097 τῶ
1811 1059 1883 1098 ὅντι

156 1113 388 1164 ὑποδεεστερα
408 1117 478 1152 τῶν
497 1113 664 1152 ἀνωτάτω
690 1116 813 1152 δοκεῖν.
845 1117 873 1152 εὶ
893 1113 929 1152 δὲ
949 1117 1020 1153 τοῖς
1046 1115 1160 1153 αὐτοῖς
1188 1113 1267 1161 ημῖν
1287 1114 1426 1151 κάκεῖνα
1452 1112 1660 1151 ὑπεικάθοιᾞ
1662 1145 1671 1161 ,
1691 1132 1747 1152 και
1767 1118 1884 1165 φθορᾶ

155 1169 280 1217 ἐπίσης
306 1167 349 1206 ἂν
369 1170 552 1220 ὑπαχθείη·
584 1168 683 1207 ἀλλὰ
706 1169 754 1218 μὴ
779 1170 855 1220 οὐχὶ
878 1170 965 1217 αὕτη
985 1167 1006 1217 ἦ
1026 1168 1112 1219 ὀρθὴ
1138 1171 1217 1219 περὶ
1243 1172 1313 1206 τῶν
1333 1170 1397 1206 αἰεὶ
1416 1167 1526 1207 ὄντων
1546 1168 1703 1208 ὑπόνοια.
1735 1170 1794 1208 ε’ίδ’
1816 1170 1884 1220 ὀίρα

155 1225 201 1264 εἷς
219 1229 392 1262 τοσοῦτον
412 1226 520 1265 ἀδεῶς
546 1225 736 1273 νομίσομεν
755 1227 860 1275 χωρὶς
879 1228 949 1263 τῶν
969 1224 1092 1262 ἄλλων
1111 1226 1251 1276 ψυχῶν·
1282 1223 1405 1291 ,ιιόναις
1434 1223 1583 1272 οἰόμενοι
1610 1224 1650 1263 τὸ
1681 1225 1790 1263 οιόνδε
1812 1226 1883 1274 <sic

155 1293 207 1318 all
227 1279 387 1319 roadvsse‘:
377 1282 406 1331 2)
429 1297 531 1328 ηκειν,
551 1281 588 1318 τί
603 1297 651 1328 μη
671 1298 725 1318 και
746 1284 817 1320 τοῖς
837 1280 961 1320 ἄλλοις·
981 1278 1219 1348 ἀπρρήσομεν.
1252 1281 1292 1317 οὐ
1312 1279 1380 1329 γὰρ
1401 1278 1442 1327 δη
1463 1279 1560 1318 ουδὲν
1580 1280 1802 1331 ἐξαιρήσεται
1821 1299 1883 1329 της

155 1335 260 1383 αὐτης
279 1335 400 1375 οὐσιας
420 1335 585 1374 ἁπάντων
604 1335 884 1386 μετεσχηκότων.
917 1338 945 1373 εὶ
965 1336 993 1373 δ’
1015 1334 1122 1375 ὅντως
1149 1336 1270 1376 κακίας
1290 1335 1438 1385 ἀπειρως
1456 1335 1501 1373 τὰ
1522 1335 1632 1374 λοιπὰ
1658 1336 1736 1388 ἕξει,
1755 1340 1883 1374 πολλῶ

155 1389 356 1439 κράτιστον·
389 1392 426 1429 ἐν
444 1393 580 1429 τοσῶδε
609 1393 697 1429 θεῶν
723 1391 847 1429 ἀθώων
872 1389 1002 1438 πλήθει
1031 1390 1152 1440 ὥσπέρ
1177 1407 1281 1428 τινων
1305 1394 1432 1457 ιατρῶν
1451 1408 1491 1429 το
1514 1395 1671 1429 πταῖσαν
1695 1391 1877 1440 ἱαθηναι,
1860 1411 1882 1441 η

154 1444 248 1483 κάτω
267 1449 399 1493 πεσεῖν,
420 1446 459 1484 οὑ
478 1447 557 1494 μηδ’
579 1446 676 1484 ε”στιν
696 1447 887 1497 ἀνανῆψαι·
919 1445 1017 1484 ἀλλὰ
1035 1464 1104 1494 μην
1124 1449 1151 1484 εἰ
1172 1445 1365 1498 φήσομεν
1355 1445 1408 1484 ότι
1428 1447 1468 1484 οὐ
1487 1446 1627 1494 θεμιτὸν
1647 1446 1697 1496 ε’ίη
1717 1451 1787 1487 τοῖς
1808 1449 1880 1486 θεί-

155 1517 204 1540 οις
223 1502 346 1539 κακίαν
365 1504 411 1542 εἷς
430 1501 536 1540 ταύτό
554 1518 639 1540 ποτε
658 1502 782 1549 ἐλθεῖν,
802 1500 899 1539 ἀλλά
919 1503 973 1540 δεῖ
987 1501 1125 1551 μακρὰν
1143 1502 1276 1540 ἑῶσθαι
1295 1503 1341 1541 ὡς
1360 1504 1406 1542 εἷς
1424 1501 1584 1549 πυθμένα
1602 1502 1679 1540 τινὰ
1697 1501 1761 1550 τὴν
1780 1503 1878 1552 γε’νε-

154 1573 224 1602 σιν,
244 1557 336 1594 τοῦτ’
358 1556 441 1595 αὐτὸ
462 1558 518 1595 καὶ
539 1558 557 1594 ὁ
577 1561 638 1595 νῦν
657 1556 765 1606 λόγος
784 1559 882 1607 αἱρεῖ·
909 1556 961 1595 ὅτι
981 1556 1103 1595 οὐδεᾶν
1122 1556 1185 1605 τὴν
1203 1557 1347 1606 πρώτην
1365 1557 1515 1606 πονηρία
1534 1558 1570 1594 ἐν
1590 1560 1689 1608 ψυχῆ
1709 1559 1878 1607 συσταίη·

154 1611 223 1648 οὐδ’
242 1612 346 1660 ἁλοίη
365 1614 485 1650 τοιῶδε
504 1615 597 1650 κακῶ
618 1616 706 1652 θεοῖς
725 1611 787 1650 τὸν
807 1612 949 1663 α”πειρον
969 1615 1077 1650 αἰῶνα
1096 1617 1266 1651 συνοῦσα.
1288 1615 1314 1650 εἶ
1335 1611 1370 1650 δέ
1389 1612 1584 1659 πεισόμεθα
1604 1613 1660 1650 διὰ
1680 1614 1801 1651 κακίαν
1820 1616 1881 1661 τῆς

154 1667 240 1715 αὐτῆ
259 1667 464 1717 πρεπούσης
486 1669 645 1706 ἐκπεσεῖν
664 1668 775 1718 ἕδρας,
795 1666 835 1706 τὸ
855 1671 962 1716 σῶμα
988 1668 1028 1706 οὐ
1054 1667 1245 1719 συμφορὰν
1264 1668 1436 1717 προσήκει
1463 1667 1590 1717 λέγειν.
1624 1669 1782 1720 φαίνεται
1811 1668 1881 1719 γὰρ

153 1723 326 1761 πλείστου
352 1721 392 1761 ὃν
416 1725 458 1770 τῆ
484 1725 585 1774 ψυχῆ
613 1723 720 1770 τίμια·
752 1723 821 1773 εἴγε
849 1724 886 1761 ἐκ
913 1726 1001 1761 θεῶν
1025 1723 1089 1771 μὲν
1118 1722 1240 1773 ὥσπερ
1267 1740 1402 1771 κόσμον
1421 1721 1484 1771 τὴν
1504 1723 1607 1774 ἀξίαν
1626 1727 1883 1773 περιαιρεθεῖσα

154 1794 200 1816 εις
217 1777 329 1823 βυθον
348 1779 532 1829 ἀπενεχθη.
563 1780 717 1816 ἐντεῦθεν
737 1777 773 1816 δε
792 1778 1009 1829 καθαρθείση
1029 1779 1166 1830 ἔξεστιν
1186 1780 1282 1818 αὖθις
1308 1782 1354 1818 εὶς·
1379 1778 1477 1818 θεονς
1501 1782 1724 1829 μεταχωρεῖν.
1756 1778 1880 1817 τούτου

154 1831 191 1870 δὲ
220 1834 367 1871 ἐνταυθα
395 1834 595 1880 πίπτοντος,
615 1835 686 1872 τοδ’
708 1833 846 1874 εικότως
875 1836 1025 1872 ἀπαντᾶ·
1056 1833 1100 1872 τὰ
1130 1837 1204 1872 θεῖα
1228 1851 1295 1900 ,ιιεν
1322 1833 1414 1871 α’ίτια
1442 1834 1575 1874 κακίας·
1606 1851 1651 1872 τα
1671 1835 1698 1871 δ
1721 1835 1879 1879 ἐνταῦθα,

154 1885 328 1937 κάθαρσίν
347 1905 424 1926 τινα
442 1891 498 1927 καὶ
519 1890 642 1938 ἀρετῆς
662 1906 802 1938 γενεσιν
820 1889 1108 1940 προσαγορεύειν.
1142 1907 1170 1927 ει
1189 1888 1273 1937 μήτι
1296 1888 1344 1926 σύ
1364 1887 1390 1926 ὠ
1409 1888 1586 1937 τιμόκλεις
1612 1889 1766 1927 ἐναντιον
1786 1891 1876 1928 ἀπο-

153 1943 274 1993 φαιᾞνη
306 1943 404 1981 ἀλλὰ
419 1943 489 1992 μὴν
509 1945 760 1996 ἀποφαίνομαι·
793 1961 850 1983 και
876 1962 916 1982 ου
943 1948 1099 1982 πλεῖστα
1126 1961 1281 1982 τουτοισι
1310 1944 1546 1995 συμφερομαι.
1579 1943 1660 1993 σύγ’
1682 1943 1725 1982 ἂν
1744 1946 1875 1993 εἶδειης·

154 1997 206 2036 ὅτι
226 1997 262 2036 δὲ
280 2000 307 2035 εἷ
327 2002 437 2036 ταῦτα
456 2001 563 2040 οὕτως
582 2001 661 2050 ἔχει,
682 2000 750 2038 οὐδ’
773 1999 877 2050 ἀρετή
904 2017 962 2048 μοι
992 2002 1089 2038 δοκεῖ
1112 1998 1197 2038 ποτὲ
1224 1999 1383 2037 ἔσεσθαι·
1415 1999 1496 2037 οὐδέ
1517 2017 1569 2040 τις
1597 1999 1814 2048 μαθημάτων
1833 2002 1879 2040 ὡς

153 2054 250 2091 αὐτοὶ
271 2055 394 2104 φασὶν,
414 2053 604 2106 ἀνάληψις·
627 2054 704 2093 οὐδὲ
722 2054 792 2103 μὴν
811 2057 1064 2107 φιλοσοφῆσαι
1083 2069 1135 2104 γε·
1159 2055 1227 2093 οὐδ’
1250 2056 1296 2094 ὡς
1315 2054 1396 2095 ε”πος
1416 2058 1521 2093 εἰπεῖν
1541 2055 1648 2093 οὐδέν.
1683 2056 1755 2093 οὔθ’
1777 2056 1878 2094 ὁσίου

153 2110 230 2147 οὔτε
250 2112 361 2146 καλοῦ
381 2112 515 2157 γνῶσιν
534 2109 679 2161 ὑπάρξει
707 2114 818 2161 σχεῖν,
838 2111 994 2148 εντεῦθεν
1011 2127 1192 2161 πειρατεον
1211 2110 1445 2161 ἐνδείξασθαι·
1479 2113 1505 2148 εὶ
1532 2110 1602 2161 γὰρ
1630 2109 1685 2148 διὰ
1711 2112 1879 2160 πονηρίαν

153 2164 341 2214 καθειρχθη
367 2167 417 2216 τῷ
441 2164 590 2212 σώματι,
610 2182 661 2205 τις
686 2167 762 2204 ποτ’
792 2165 834 2204 ἂν
860 2165 910 2213 ε’ίη
929 2168 1049 2233 ψυχης
1077 2165 1299 2216 μοχθηρι’·α28
1329 2166 1347 2203 ὁ
1366 2183 1482 2204 τοινυν
1510 2183 1571 2214 της
1600 2183 1720 2206 κακιας
1744 2167 1878 2215 βριθων

153 2219 270 2259 ι’ππος·
302 2218 398 2268 λε’γει
426 2218 495 2269 γὰρ
524 2219 613 2257 οὕτω
641 2235 727 2260 πως·
759 2238 799 2260 το
826 2220 896 2271 γὰρ
922 2220 1010 2269 μετὰ
1035 2225 1149 2267 τοῦτο,
1170 2222 1231 2259 οὐκ
1251 2222 1454 2269 ε’πισταμαι·
1486 2221 1581 2271 λέγει
1608 2221 1679 2259 δε
1669 2221 1721 2259 ότι
1746 2222 1878 2269 ἀμαθία

152 2276 218 2312 τινὶ
246 2275 387 2313 ἐκπέσοι
416 2275 619 2313 ἀσθενοῦσα
645 2278 694 2313 τῶ
724 2276 803 2314 θείω
831 2275 869 2315 τὲ
903 2278 961 2315 καὶ
989 2277 1110 2326 ἀγαθῶ
1144 2276 1354 2328 ξυμβαλεῖν·
1393 2294 1449 2315 και
1478 2279 1654 2328 τραφηναι
1690 2279 1738 2314 τῶ
1773 2294 1878 2326 εγγυς

153 2329 317 2379 γενέσθαι
338 2345 367 2368 :-

192 2426 221 2448 26
241 2428 307 2455 Vid.
326 2428 439 2456 Platon.
459 2428 567 2456 Pha-dr.
590 2439 618 2466 p.
637 2436 702 2464 247.
718 2430 754 2456 A.
777 2435 805 2456 et
820 2430 945 2457 Timaeus
966 2439 994 2467 p.
1037 2430 1071 2457 ad
1088 2430 1208 2467 Apolog.
1225 2430 1273 2457 l.1.
1294 2440 1322 2467 p.
1339 2430 1386 2457 62.
1429 2430 1471 2457 Ex
1491 2437 1588 2458 nostro
1613 2430 1628 2456 i
1623 2430 1698 2466 „gitur
1719 2430 1783 2457 loco
1803 2440 1879 2457 nova

156 2477 202 2503 20.
218 2469 252 2495 D.
277 2475 305 2496 et
328 2469 363 2496 cs.
389 2475 487 2496 annot.
514 2470 542 2496 in
568 2469 663 2496 locum
690 2469 810 2497 similem
834 2471 938 2498 Plotini
965 2481 993 2508 p
1037 2471 1148 2498 {wc-edit
1176 2480 1319 2507 germane
1349 2470 1445 2498 forme
1475 2471 1772 2505 auet01·it1s.legrit
1801 2471 1877 2497 enirn

156 2510 221 2536 216.
236 2509 269 2535 B.
1037 2511 1158 2547 scriptm
1175 2511 1258 2549 hujus
1280 2511 1374 2549 dialog
1367 2512 1385 2538 ·i
1406 2511 1435 2538 in
1460 2512 1500 2538 Pl
1502 2518 1578 2538 nonu
1602 2511 1626 2537 11
1622 2510 1675 2538 tud
1698 2494 1783 2538 dnbie
1807 2511 1876 2537 ὑπει-

192 2548 219 2570 27
242 2549 430 2576 Platonicum.
472 2549 537 2576 Vid.
553 2550 675 2586 Apolog.
694 2560 720 2588 p.
738 2559 784 2586 32.
800 2551 832 2577 Α.
856 2551 904 2578 ubi
926 2557 993 2579 ante
1035 2553 1146 2585 κάθοιμι.

153 2590 330 2626 Stephanum
347 2590 374 2616 in
390 2590 469 2616 libris
484 2590 567 2617 editis
587 2591 734 2628 legebatur
748 2591 881 2625 ὑπείκοιμι.
925 2591 991 2619 Vid.
1075 2591 1103 2612 223
1127 2591 1190 2619 vid.
1208 2592 1333 2619 Platonis
1350 2591 1458 2619 Phaedr.
1475 2601 1501 2628 p.
1517 2599 1581 2627 247.
1598 2592 1629 2618 Β,

153 2630 305 2658 Ruhnken.
321 2630 356 2658 ad
371 2630 444 2658 Tim.
460 2630 530 2658 Lex.
546 2631 657 2658 Platon.
673 2640 700 2667 p.
715 2630 761 2658 88.
783 2636 811 2658 et
834 2631 992 2659 Stallbaum

209 2782 303 2807 voL.
326 2783 371 2807 11.
1081 2777 1101 2806 5
1127 2783 1155 2806 11
