2102 3015
166 141 266 192 1438
708 142 972 179 ΔΙΑΛΟΓΟΣ
1003 143 1122 179 ΠΕΡΙ
1151 143 1346 180 ΨΥΧΗΣ.

174 247 181 257 ,
356 247 370 253 Α
506 245 513 256 ‚
564 249 578 255 Α
655 246 663 256 .
745 246 755 258 ,
888 249 903 256 Α
1028 244 1041 259 ‚x
1121 244 1129 257 ³
1252 244 1260 257 x
1405 245 1415 257 Ι
1703 247 1717 254 -
1769 245 1778 258 .
1856 245 1865 257 ,
1901 229 1948 264 41

161 247 440 293 αναμνησθηναι.
476 262 600 284 ουκουν
626 262 758 283 ουτωσι
781 262 971 295 σκοπωμεν
999 263 1063 284 καν
1088 263 1152 294 μεν
1176 247 1282 294 μηδεν
1308 247 1523 297 διαφερηται.
1556 262 1718 296 πανταχη
1742 247 1779 284 δε
1802 264 1891 297 προς

161 299 263 339 ἑαυτὸ
288 301 482 348 συμβαίνη,
502 317 559 338 και
583 301 674 349 ἡμᾶς
698 301 828 339 δίκαιον
854 301 971 352 ἡσυχῆ
991 299 1113 350 ὥσπερ
1132 300 1313 350 ἡγεμόνων
1332 303 1402 338 τῶν
1422 298 1541 350 λόγων
1565 299 1712 339 κατόπιν
1737 302 1886 340 ἀκολου-

162 359 244 395 θεῖν
273 354 401 404 εἶδεμὴ,
417 355 532 394 ἄλλου
551 373 613 394 του
632 356 715 404 ἡμῖν
734 356 828 404 οἴμαι
848 358 928 395 δεῖν·
961 357 1092 394 οὑτωσι
1110 372 1297 405 τοιγαρουν
1315 359 1480 403 ποιῶμεν
1512 359 1540 394 εἰ
1558 357 1673 394 τοίνυν
1692 355 1732 394 τὸ
1751 356 1889 404 μανθά-

162 429 231 449 νειν
257 412 354 449 ἐστιν
379 410 461 457 οῖον,
483 415 543 449 νῦν
571 413 608 449 ἐν
633 410 753 477 μνήμη
780 410 864 450 εἶναι
890 411 938 450 ὧν
963 413 1114 461 προοῖδε,
1133 412 1244 449 τίποτ’
1267 409 1360 448 ἄλλο
1387 409 1430 448 ἂν
1450 411 1510 459 ε’ίη,
1530 409 1552 459 77
1573 428 1625 449 οτι
1649 411 1763 450 πάλαι
1781 416 1891 450 ταῦτα

162 467 272 515 η’δει
253 484 274 514 η
294 465 408 518 ψυχή.
440 466 537 504 οὐδὲν
555 465 661 505 ἄλλο.
691 466 841 518 πότερον
867 470 1034 515 μαθοῦσα
1058 469 1147 505 θεῶν
1165 483 1270 504 τινων
1295 465 1559 518 διδαξάντων,’
1542 484 1563 515 η
1584 483 1706 517 ωσπερ
1726 470 1774 505 τῶ
1799 469 1889 506 ἀθα-

164 521 256 560 νάτω
276 523 333 559 καὶ
359 522 467 568 αἷδίω,
487 523 577 560 οὕτω
603 524 659 561 καὶ
684 523 777 560 αὑτῶ
797 526 846 560 τῶ
865 523 987 560 εἰδέναι
1007 521 1115 573 φύσει
1136 523 1203 560 τινὶ
1228 521 1402 589 κε’χρηταιῖ
1422 522 1505 559 ἀλλ’
1526 522 1566 559 οὐ
1585 521 1757 570 μαθήσαι.
1788 527 1892 561 τοῦτο

163 595 222 625 μοι
241 576 402 625 μάλιστα
421 580 522 616 δοκεῖ.
553 578 589 616 τί
605 577 640 616 δὲ
659 577 699 616 τὸ
719 577 837 647 φύσει.
860 577 992 615 τοιόνδε
1012 577 1126 626 λέγεις
1145 577 1227 623 οἷον,
1244 576 1366 627 ὥσπερ
1383 578 1459 614 ἐστι
1478 579 1528 628 τῷ
1547 578 1637 615 λιθω
1656 577 1696 615 τὸ
1716 578 1889 627 ἀναίσθη-

163 650 235 678 τον,
255 650 311 670 και
335 634 418 683 πυρὶ
445 631 486 671 τὸ
506 631 646 683 θερμόν·
679 635 734 671 καὶ
761 632 811 673 οῖς
830 650 924 670 τισιν
943 634 1020 670 ἐστι
1039 631 1179 684 φύσει
1165 637 1291 679 οτιοῦν,
1311 631 1329 670 ὃ
1349 631 1435 680 μήτε
1461 633 1641 683 ἀποχωρῆ,
1661 631 1748 681 μήτε
1773 634 1889 672 ἀπολ-

163 694 289 736 λυηται
317 687 418 729 ὄντος
445 688 485 726 οὗ
512 689 589 726 ἐστι
620 688 738 740 φύσει,
763 687 784 735 ὴ
814 687 854 726 τὸ
881 687 1147 735 μεθιστάμενον,
1171 705 1228 726 και
1256 686 1410 726 εὶδέποτε
1439 688 1567 731 (Fort.
1597 688 1774 737 οὐδέποτε)
1803 688 1894 727 κατὰ

162 748 273 782 ταῦτα
292 743 384 809 i'Xov.
418 748 478 782 νῦν
497 743 560 791 μὲν
579 743 742 795 ἔμψυχόν
761 760 798 781 τε
824 745 880 781 καὶ
907 741 1049 792 θερμόν.
1081 744 1137 781 καὶ
1164 742 1263 781 ἄλλα
1288 742 1330 790 δὴ
1349 743 1456 792 μυρία
1482 742 1645 793 ἐχούσης·
1677 745 1724 784 ὡς
1743 744 1813 794 ἔχει
1831 746 1893 792 τῆς

164 800 286 839 οὐσίας
305 798 467 837 ἑκάστου
498 798 622 849 μικρὸν
642 799 709 837 δὲ
698 800 846 848 ὕστερον
865 799 1031 836 τάναντία
1049 798 1193 836 τούτων.
1226 797 1278 847 ἀρ’
1299 800 1407 838 οὕτως
1427 815 1487 836 σοι
1506 800 1600 836 δοκεῖ
1622 799 1662 837 τὸ
1683 798 1801 849 φύσει,
1821 800 1891 838 οὐδ’

164 855 375 892 ὁπωστιοῦν.
413 855 571 905 φαίνεται
601 853 637 892 δέ
667 871 726 892 σοι
756 853 1005 902 ἀμετάβλητον
1032 852 1117 891 εῖναι
1145 855 1202 891 καὶ
1231 854 1348 892 οὔποτ
1370 853 1635 901 ἀλλαττόμενον
1660 854 1738 892 οὐδε
1765 855 1889 902 καθέν;

162 910 290 958 ἔμοιγε.
322 909 341 947 ὅ
366 909 408 958 δὴ
436 908 504 959 ἄρα
528 910 734 957 μεταπίπτει
760 912 917 959 συνεχῶς
944 911 1000 947 καὶ
1027 908 1196 959 σχήματα
1218 908 1342 947 πολλὰ
1367 912 1550 956 λαμβανει·
1581 909 1674 958 λε’γω
1694 909 1730 947 δὲ
1752 909 1797 948 τὰ
1814 912 1893 959 περὶ

161 964 224 1005 τὰς
249 965 367 1015 χρείας
393 965 455 1011 (L.
478 964 598 1015 χροιάς
621 971 672 1011 τε)
697 982 733 1003 τε
763 966 819 1002 καὶ
844 964 987 1013 μεγέθη·
1020 966 1076 1002 καὶ
1102 963 1269 1016 αὐξήσεις
1289 965 1344 1002 καὶ
1369 968 1492 1002 ταῦτα.
1523 968 1626 1002 τοῦτο
1649 964 1685 1002 δὲ
1711 966 1829 1003 οὔποτ’
1851 964 1894 1004 ἂν

162 1020 213 1069 εἰἠ
239 1020 345 1072 φύσει
374 1021 435 1058 οὐκ
462 1020 579 1058 ἔοικεν.
612 1022 669 1058 καὶ
693 1019 763 1068 μὴν
784 1020 836 1057 ὅτι
859 1021 924 1070 πέρ
949 1021 1046 1058 ἐστιν
1070 1021 1194 1059 ἁπλῶς
1219 1018 1357 1057 ἑκάστω
1383 1019 1501 1070 φύσει,
1521 1023 1624 1057 τοῦτο
1649 1021 1706 1058 καὶ
1731 1020 1799 1058 ἰδία
1823 1025 1894 1062 τοῖς

162 1076 269 1113 εἴδεσι
298 1093 359 1113 του
387 1076 492 1113 αὐτοῦ
523 1074 679 1141 ὑπάρξει.
713 1076 752 1113 οὐ
780 1075 946 1122 μανθάνω
975 1075 1039 1123 Bm
1065 1075 1187 1125 λεγεις·
1222 1076 1304 1113 ἀλλ’
1333 1074 1401 1123 ἐγὼ
1429 1073 1641 1124 πειρασόμαι
1658 1075 1894 1145 σαφέστερον

163 1131 310 1182 ἐνδεῖξαι
328 1148 400 1169 σοι.
433 1130 540 1199 φύσει
559 1131 622 1178 μὲν
641 1134 690 1168 τῶ
714 1131 803 1169 λίθω
830 1129 870 1168 τὸ
897 1131 1131 1179 ἀναίσθητον;
1165 1130 1292 1198 φαμεν.
1324 1131 1375 1180 ἀρ’
1398 1136 1458 1168 οὐν
1483 1147 1587 1168 παντι
1614 1148 1670 1168 και
1695 1132 1769 1178 αἶει,
1788 1129 1809 1179 ὴ
1829 1148 1895 1170 τινι

161 1185 234 1234 μὲν,
254 1189 320 1224 τινὶ
349 1185 383 1224 δὲ
411 1185 462 1232 οἱ),
483 1188 539 1223 καὶ
568 1187 629 1224 οἰκ
657 1187 740 1227 azel:
772 1203 877 1224 παντι
905 1190 1049 1234 μᾶλλον
1075 1203 1131 1224 και
1161 1187 1234 1224 αἱει.
1269 1187 1330 1224 οὐκ
1356 1202 1425 1235 αρα
1450 1186 1558 1226 οὐδεις
1583 1202 1683 1224 εσται
1706 1186 1843 1227 λιθος“
1825 1204 1894 1226 οτω

161 1242 329 1289 αἴσθησις
357 1240 401 1279 ἂν
428 1258 563 1290 γενοιτο
591 1241 686 1291 είπερ
712 1243 829 1290 ἀληθη
855 1241 972 1292 φαμὲν
997 1241 1113 1280 πάντα
1140 1241 1242 1279 λιθον
1267 1241 1483 1288 αναισθητον
1511 1239 1618 1287 εῖναι;
1652 1242 1691 1279 οὐ
1715 1241 1890 1311 φαινεται.

162 1297 286 1335 οὐκοῦν
305 1298 386 1347 τῇδε
407 1300 548 1345 μᾶλλον
569 1295 677 1346 ἄθρει
711 1296 991 1346 ὡμολογηκαμεν
1011 1297 1105 1335 ἅπαν
1124 1296 1164 1335 τὸ
1182 1296 1288 1348 φυσει
1308 1296 1556 1344 ἀμετάβλητον
1574 1313 1679 1334 παντι
1698 1300 1800 1344 εἰναι;
1827 1315 1891 1337 ναι.
1904 1314 1953 1349 42

160 1351 539 1402 προσωμολογηκαμεν
567 1351 603 1390 δε
633 1351 697 1400 τ77ν
720 1351 842 1404 ψυχὴν
870 1353 906 1390 ἐν
932 1356 981 1390 τῶ
1010 1352 1150 1400 σώματι
1180 1359 1291 1390 ουσαν
1317 1350 1646 1399 ἀναμιμνήσκεσθαι
1675 1350 1698 1389 ἅ
1723 1353 1800 1390 ποτ’
1821 1353 1893 1419 ηδει

161 1408 278 1475 φύσει.
309 1425 365 1445 και
384 1411 487 1446 τοῦτο
508 1407 797 1474 ὡμολογηκαμεν.
831 1409 882 1458 ἀρ’
905 1408 965 1446 οὖν
984 1407 1106 1474 ὥσπερ
1126 1406 1203 1457 ἄρτι
1223 1409 1258 1445 ἐν
1277 1410 1326 1460 τῷ
1346 1408 1445 1454 λιθω,
1465 1410 1569 1445 τοῦτο
1588 1406 1628 1445 τὸ
1651 1408 1773 1445 εἰδέναι
1791 1407 1893 1459 πάσῃ

160 1464 237 1501 εστὶ
256 1465 357 1514 ψυχη
377 1480 433 1501 και
459 1462 629 1514 διάφορον
654 1481 689 1501 εν
714 1464 834 1503 αὑταῖς
859 1465 921 1501 οὐκ
948 1481 1055 1510 εστιν,
1076 1462 1096 1511 77
1116 1481 1158 1510 τ77
1177 1481 1240 1511 μεν
1260 1447 1394 1514 σοιφῆ’
1380 1480 1478 1500 εστιν
1504 1460 1674 1510 εῖναι·τῆ
1701 1462 1747 1509 δε,
1767 1465 1817 1511 οὔ,
1836 1465 1893 1502 καὶ

160 1520 202 1565 τῆ
228 1517 291 1566 μὲν
316 1521 471 1566 μᾶλλον·
504 1520 546 1566 τῆ
573 1518 607 1556 δὲ
636 1518 751 1566 ἡττον.
785 1520 867 1556 ἀλλ’
895 1518 1028 1557 ἄτοπον
1057 1523 1084 1557 ὠ
1111 1518 1310 1567 πολύκριτε.
1348 1521 1375 1556 εἰ
1405 1518 1466 1556 οὖν
1493 1535 1596 1556 τουτο
1624 1516 1766 1564 ἄτοπον,
1790 1522 1893 1557 πᾶσα

160 1572 261 1625 ψυχὴ
282 1590 371 1611 κατα
389 1572 433 1611 τὰ
452 1573 606 1623 πρότερα
625 1575 735 1612 ἐκεῖνα
753 1573 797 1612 τὰ
823 1574 907 1612 ὄντα
933 1575 1046 1622 εἰδείη·
1078 1591 1133 1612 και
1161 1573 1293 1612 οὐδὲν
1277 1591 1375 1623 ετερα
1398 1573 1514 1623 ἑτερας
1534 1572 1705 1624 φρονησει
1726 1574 1891 1623 διενέγκοι

161 1628 268 1667 οὐδ’
250 1645 345 1669 οπως
364 1646 397 1667 τι
417 1629 488 1667 οὖν·
521 1628 619 1667 ἀλλὰ
643 1633 758 1667 πᾶσαι
781 1631 894 1681 σοφαι
914 1629 958 1668 ἂν
977 1634 1053 1668 εἷεν.
1086 1629 1234 1678 ἀναγκη·
1266 1629 1314 1667 ἔτι
1344 1647 1400 1666 και
1426 1630 1512 1666 τῶδε
1541 1627 1716 1678 ἀπόκρινε.
1748 1631 1894 1668 δοκοῦσί

160 1701 220 1722 σοι
246 1683 322 1723 ἄνοι
352 1687 381 1722 οἱ
410 1702 483 1732 μεν,
503 1686 613 1735 σοφοὶ
639 1683 734 1731 εἶναι,
755 1702 785 1723 οι
813 1685 848 1723 δὲ
874 1687 1038 1733 ἀμαθεῖς;
1073 1687 1129 1723 καὶ
1156 1684 1301 1736 σφόδρα
1325 1685 1511 1733 πολλοίγε.
1543 1685 1580 1722 τί
1596 1685 1651 1722 δαὶ
1670 1685 1710 1722 οὑ
1728 1701 1808 1725 τους
1827 1702 1890 1732 μεν

161 1740 231 1790 ἡγῃ
260 1757 396 1790 χειρους
424 1757 504 1780 τους
533 1740 569 1778 δε
597 1741 778 1786 βελτίους;
811 1741 935 1789 ἐγωγε.
967 1758 1104 1791 ποτερω
1133 1747 1194 1778 οὐν
1222 1741 1381 1809 ἀμεινους
1406 1740 1521 1807 ἡγρῖο
1534 1737 1577 1776 ἂν
1605 1737 1690 1776 εῖναι
1718 1739 1883 1791 σοφία,
1867 1745 1889 1788 ὴ

160 1795 264 1833 ἅλλώ
289 1810 350 1833 τω·
384 1795 446 1833 οὐκ
475 1795 590 1833 ἄλλω.
623 1796 659 1833 τί
685 1797 740 1834 δαι
769 1814 799 1834 0L
820 1797 955 1846 χείρους
984 1797 1046 1834 οὐκ
1075 1797 1218 1844 ἀμαθεῖς
1238 1795 1281 1834 ἂν
1305 1799 1380 1841 εἷεν,
1400 1795 1466 1832 ναί.
1501 1794 1553 1843 ἀρ’
1574 1794 1635 1831 οὖν
1658 1795 1801 1859 ἀμαθεῖς
1828 1795 1889 1834 οὐκ

161 1851 271 1888 ενδεια
291 1851 424 1902 σοφίας
444 1853 588 1889 δοκουσι
608 1868 667 1889 σοι
687 1868 887 1900 γεγονεναι;
920 1850 1093 1899 μάλιστα.
1127 1868 1163 1889 εν
1181 1868 1317 1900 ποτερω
1343 1849 1380 1888 δε
1407 1851 1550 1897 ἀμαθεῖς
1573 1851 1662 1887 εἰσιν
1681 1867 1717 1887 εν
1735 1852 1889 1901 ψυχῆ,η
1871 1849 1884 1863 ⁴

162 1906 198 1942 ἐν
217 1905 376 1953 σώματι;
409 1905 572 1972 δηλονότι
598 1908 634 1944 ἐν
654 1909 767 1958 ψυχῆ·
793 1908 952 1957 φαίνεται
973 1906 1015 1954 δὴ
1035 1905 1214 1954 ἀμαθ77ς”
1192 1923 1269 1955 εκγε
1289 1909 1351 1943 τοῦ
1370 1903 1480 1953 λόγου
1501 1903 1611 1955 ψυχὴ.
1627 1905 1739 1942 ἐνδειά
1757 1907 1890 1957 σοφιας

162 1959 183 2007 77
211 1960 428 2011 φρονησεως.
462 1960 483 2009 77
511 1962 574 2007 ὁ,τι
600 1963 677 2000 ποτ’
699 1979 749 2010 ειη
773 1965 843 2000 τῶν
870 1962 995 2000 ἀνινων
1021 1962 1278 2011 (ἀνθρωπίνων)
1305 1959 1345 1998 τὸ
1370 1977 1493 1998 ποιουν
1517 1958 1580 2007 τ77ν
1605 1959 1729 2011 ψυχὴν
1751 1961 1885 2000 εἱδεναι.

163 2016 334 2065 φαινεται.
367 2020 469 2054 τοῦτο
494 2016 529 2054 δε
559 2017 619 2055 οἴει
646 2015 673 2054 ὠ
697 2015 873 2064 τιμὸκλεις
899 2015 983 2055 εῖναι
1009 2035 1037 2055 ει
1062 2019 1176 2066 προῆν
1195 2017 1215 2064 77
1235 2014 1336 2067 ψυχὴ
1356 2015 1464 2063 ἡμῶν,
1484 2032 1539 2052 και
1567 2013 1639 2065 ᾕδει
1666 2018 1827 2065 καθαρῶς
1845 2016 1890 2054 τὰ

163 2070 273 2117 ὄντας
311 2071 481 2118 οὐδαμῶς·
518 2071 616 2109 οὐδὲν
644 2071 714 2122 γὰρ
743 2071 785 2110 ἂν
813 2071 841 2109 (ἶ)
864 2073 1031 2118 βέλτιστε
1055 2073 1206 2110 ἐκώλυεν
1231 2070 1376 2108 ἅπασαν
1399 2070 1497 2110 εὐθὺς
1522 2069 1643 2121 σοφὴν
1668 2068 1753 2108 εῖναι
1782 2071 1889 2123 φύσει

162 2125 293 2174 ταύτην
312 2124 375 2173 τὴν
395 2126 508 2177 εξιν”
486 2144 649 2176 εχουσαν.
683 2145 739 2165 και
769 2127 867 2165 οὐδεν
886 2127 978 2168 ολως
998 2128 1064 2165 εδει
1086 2126 1272 2165 πλάτωνος
1293 2129 1353 2163 νῦν
1371 2126 1552 2165 πείθοντος
1571 2143 1650 2175 περι
1673 2126 1714 2164 οὗ
1739 2127 1886 2165 διασκο-

162 2180 334 2228 πουμεθα.
366 2182 448 2218 ἀλλ’
470 2181 570 2222 εὐθυς
599 2181 641 2219 ἂν
666 2181 817 2220 ἑκάστου
844 2183 1020 2230 ἠπίστατο
1045 2183 1066 2230 ἡ
1092 2180 1236 2233 ψυχὴ,
1226 2180 1277 2218 ότι
1304 2185 1406 2218 τοῦτο
1432 2183 1541 2221 οὕτως
1561 2180 1640 2231 ἔχει.
1674 2182 1731 2219 καὶ
1754 2181 1889 2232 ἔχαιρεν

163 2235 206 2274 ἂν
229 2237 308 2286 περὶ
337 2237 444 2273 ἐκεῖνο
469 2253 591 2285 ωσπερ
617 2236 829 2285 ἀπόδημον14
858 2237 1037 2288 δεχομενη,
1064 2254 1125 2274 νιν
1149 2236 1185 2274 δε
1212 2239 1283 2274 πᾶν
1305 2237 1506 2274 τούναντιον
1528 2253 1694 2285 γιγνεται.
1733 2236 1785 2274 ὅτι
1809 2254 1889 2278 τους

162 2290 321 2331 πολλους
340 2308 396 2329 και
423 2290 551 2331 καλους
571 2296 728 2342 συνεχῶς
748 2293 828 2340 ημῖν
849 2292 1053 2330 κατεπάδων
1073 2290 1202 2341 λόγους
1221 2308 1260 2329 ου
1278 2295 1420 2359 μᾶλλον
1439 2309 1471 2330 τι
1497 2291 1633 2330 οὐδεν’
1614 2290 1890 2340 ἀναμιμνήσκων

163 2347 336 2398 φαινεται·
371 2345 464 2383 ὥστε
493 2363 602 2383 ταυτα
632 2364 659 2384 ει
685 2346 734 2395 μὴ
763 2347 921 2398 ἐξαπατᾶ
949 2348 1053 2395 ἡμᾶς,
1081 2348 1141 2384 οὐκ
1165 2347 1217 2396 o’L'p
1242 2345 1285 2384 ἂν
1308 2347 1357 2394 εἵη
1385 2346 1425 2384 τὸ
1455 2349 1579 2415 μαθεῖν
1607 2348 1885 2395 ἀναμνησθῆναι·

163 2402 231 2440 οὐδ’
253 2402 327 2450 ἐμοι
353 2402 455 2439 δοκεῖ.
488 2403 515 2438 εἱ
537 2400 602 2449 μὲν
621 2418 690 2468 γαρ
708 2403 863 2469 μηδεὶς
845 2406 942 2450 ημῶν
960 2402 1067 2450 μηδὲν
1086 2400 1254 2453 καθάπαξ
1270 2401 1403 2466 77σθετο
1429 2404 1485 2440 καὶ
1510 2405 1601 2440 πᾶσι
1625 2401 1752 2439 ταυτὸν
1775 2401 1888 2443 πάθος

162 2456 205 2504 ἧν
231 2458 370 2506 ἀγνοεῖν
394 2473 473 2506 περι
501 2455 642 2500 παντὸς,
663 2455 684 2504 77
712 2474 755 2494 αυ
781 2457 904 2523 ἑτερως
931 2458 1056 2505 ἐπίσης
1081 2457 1201 2495 ειδεναι
1227 2456 1361 2498 πάντας
1379 2456 1488 2505 μηδὲν
1507 2456 1617 2495 πλέον
1639 2457 1714 2497 ἑνὸς
1737 2474 1887 2525 εξοντος,

162 2516 280 2553 καλῶς
299 2511 342 2550 ἂν
361 2515 430 2562 εἶχε
449 2515 498 2549 τῶ
517 2510 582 2559 τὴν
600 2511 757 2560 μάθησιν
776 2511 973 2560 ἀνάμνησιν
992 2512 1142 2562 λέγοντι.
1176 2511 1292 2560 ἐπειδὴ
1316 2512 1352 2551 δὲ
1371 2511 1473 2550 τοῦτό
1500 2513 1576 2550 ἐστι
1595 2513 1652 2550 καὶ
1671 2529 1776 2550 παντι
1794 2512 1885 2562 πρό-

204 2616 227 2637 Η
261 2618 353 2654 Hujus
382 2627 465 2644 usum
495 2617 628 2644 vocabuli
657 2617 780 2644 Lueiani
809 2623 838 2644 et
862 2617 1006 2644 Plutarchi
1048 2618 1089 2645 Ad
1118 2625 1318 2654 argumentum
1348 2618 1431 2654 hujus
1461 2617 1662 2653 disputationis
1691 2617 1794 2644 adhibe
1823 2627 1886 2653 quae

164 2659 335 2685 auctoritate
351 2658 423 2684 tueri
438 2664 552 2694 poterat
566 2658 686 2694 scriptor
701 2657 823 2695 Dialogi.
847 2657 912 2684 Vid.
930 2658 1006 2684 Moe-
1048 2668 1133 2694 supra
1157 2659 1292 2696 leguntur
1317 2659 1346 2685 in
1372 2658 1554 2685 Amithetico
1584 2658 1718 2685 adversus
1743 2657 1887 2685 Plotinum

164 2698 201 2724 ris
223 2699 251 2725 in
270 2699 398 2732 ἀπόδημος
418 2704 446 2725 et
465 2698 499 2725 ad
515 2708 581 2726 eum
601 2698 733 2735 interprr.
750 2708 778 2736 p.
795 2706 859 2733 143.
876 2698 1005 2726 Pierson.
1048 2708 1112 2735 cap.
1131 2708 1157 2734 5.
