<?xml version="1.0" encoding="UTF-8"?>
<!DOCTYPE html PUBLIC "-//W3C//DTD XHTML 1.0 Transitional//EN"
    "http://www.w3.org/TR/xhtml1/DTD/xhtml1-transitional.dtd">
<html xmlns="http://www.w3.org/1999/xhtml" xml:lang="en" lang="en">
 <head>
  <title>
</title>
<meta http-equiv="Content-Type" content="text/html;charset=utf-8" />
  <meta name='ocr-system' content='tesseract 3.04.00' />
  <meta name='ocr-capabilities' content='ocr_page ocr_carea ocr_par ocr_line ocrx_word'/>
</head>
<body>
  <div class='ocr_page' id='page_1' title='image "./plotinioperaomni02plotuoft_0031.png"; bbox 0 0 2206 3021; ppageno 0'>
   <div class='ocr_carea' id='block_1_1' title="bbox 543 151 1438 200">
    <p class='ocr_par' dir='ltr' id='par_1_1' title="bbox 543 151 1438 200">
     <span class='ocr_line' id='line_1_1' title="bbox 543 151 1438 200; baseline -0.011 0"><span class='ocrx_word' id='word_1_1' title='bbox 543 160 606 200; x_wconf 95' lang='lat' dir='ltr'>IN</span> <span class='ocrx_word' id='word_1_2' title='bbox 637 159 745 198; x_wconf 91' lang='lat' dir='ltr'><strong>LIB.</strong></span> <span class='ocrx_word' id='word_1_3' title='bbox 768 157 847 196; x_wconf 93' lang='lat' dir='ltr'>III.</span> <span class='ocrx_word' id='word_1_4' title='bbox 881 154 1136 194; x_wconf 89' lang='lat' dir='ltr'><strong>ENNEAD.</strong></span> <span class='ocrx_word' id='word_1_5' title='bbox 1168 151 1438 195; x_wconf 82' lang='lat' dir='ltr'><strong>QUARTAE.</strong></span> 
     </span>
    </p>
   </div>
   <div class='ocr_carea' id='block_1_2' title="bbox 138 252 989 2702">
    <p class='ocr_par' dir='ltr' id='par_1_2' title="bbox 138 252 989 2702">
     <span class='ocr_line' id='line_1_2' title="bbox 139 252 972 301; baseline -0.012 -10"><span class='ocrx_word' id='word_1_6' title='bbox 139 259 265 301; x_wconf 85' lang='lat' dir='ltr'>quando</span> <span class='ocrx_word' id='word_1_7' title='bbox 285 260 425 291; x_wconf 85' lang='lat' dir='ltr'>infinita?</span> <span class='ocrx_word' id='word_1_8' title='bbox 448 256 662 299; x_wconf 84' lang='lat' dir='ltr'>respondetur,</span> <span class='ocrx_word' id='word_1_9' title='bbox 679 265 737 285; x_wconf 88' lang='lat' dir='ltr'>non</span> <span class='ocrx_word' id='word_1_10' title='bbox 758 253 831 295; x_wconf 87' lang='lat' dir='ltr'>quia</span> <span class='ocrx_word' id='word_1_11' title='bbox 853 252 883 282; x_wconf 89' lang='lat' dir='ltr'>in</span> <span class='ocrx_word' id='word_1_12' title='bbox 904 252 972 282; x_wconf 82' lang='lat' dir='ltr'>infl-</span> 
     </span>
     <span class='ocr_line' id='line_1_3' title="bbox 139 295 974 343; baseline -0.012 -9"><span class='ocrx_word' id='word_1_13' title='bbox 139 302 237 333; x_wconf 89' lang='lat' dir='ltr'>nitum</span> <span class='ocrx_word' id='word_1_14' title='bbox 260 303 355 333; x_wconf 87' lang='lat' dir='ltr'>dividi</span> <span class='ocrx_word' id='word_1_15' title='bbox 376 308 479 343; x_wconf 84' lang='lat' dir='ltr'><strong>queat,</strong></span> <span class='ocrx_word' id='word_1_16' title='bbox 495 299 546 330; x_wconf 87' lang='lat' dir='ltr'>sed</span> <span class='ocrx_word' id='word_1_17' title='bbox 565 298 638 340; x_wconf 87' lang='lat' dir='ltr'>quia</span> <span class='ocrx_word' id='word_1_18' title='bbox 660 297 722 327; x_wconf 89' lang='lat' dir='ltr'>sine</span> <span class='ocrx_word' id='word_1_19' title='bbox 738 297 797 326; x_wconf 85' lang='lat' dir='ltr'>fine</span> <span class='ocrx_word' id='word_1_20' title='bbox 814 295 926 337; x_wconf 86' lang='lat' dir='ltr'>vigeat,</span> <span class='ocrx_word' id='word_1_21' title='bbox 944 301 974 324; x_wconf 86' lang='lat' dir='ltr'>et</span> 
     </span>
     <span class='ocr_line' id='line_1_4' title="bbox 139 338 973 388; baseline -0.012 -11"><span class='ocrx_word' id='word_1_22' title='bbox 139 345 254 388; x_wconf 90' lang='lat' dir='ltr'>ubique</span> <span class='ocrx_word' id='word_1_23' title='bbox 277 353 306 376; x_wconf 90' lang='lat' dir='ltr'>et</span> <span class='ocrx_word' id='word_1_24' title='bbox 329 355 446 386; x_wconf 85' lang='lat' dir='ltr'>semper</span> <span class='ocrx_word' id='word_1_25' title='bbox 468 353 558 384; x_wconf 83' lang='lat' dir='ltr'>agere</span> <span class='ocrx_word' id='word_1_26' title='bbox 581 340 684 383; x_wconf 83' lang='lat' dir='ltr'>possit.</span> <span class='ocrx_word' id='word_1_27' title='bbox 733 339 781 370; x_wconf 90' lang='lat' dir='ltr'>Sic</span> <span class='ocrx_word' id='word_1_28' title='bbox 804 338 898 379; x_wconf 79' lang='lat' dir='ltr'>igitur</span> <span class='ocrx_word' id='word_1_29' title='bbox 919 348 973 367; x_wconf 87' lang='lat' dir='ltr'>nec</span> 
     </span>
     <span class='ocr_line' id='line_1_5' title="bbox 138 379 973 419; baseline -0.011 0"><span class='ocrx_word' id='word_1_30' title='bbox 138 389 239 419; x_wconf 86' lang='lat' dir='ltr'>anima</span> <span class='ocrx_word' id='word_1_31' title='bbox 254 387 359 418; x_wconf 91' lang='lat' dir='ltr'>mundi</span> <span class='ocrx_word' id='word_1_32' title='bbox 377 386 423 416; x_wconf 93' lang='lat' dir='ltr'>vel</span> <span class='ocrx_word' id='word_1_33' title='bbox 438 386 469 416; x_wconf 92' lang='lat' dir='ltr'>in</span> <span class='ocrx_word' id='word_1_34' title='bbox 485 385 600 415; x_wconf 87' lang='lat' dir='ltr'>animas</span> <span class='ocrx_word' id='word_1_35' title='bbox 612 382 760 414; x_wconf 85' lang='lat' dir='ltr'>dividitur</span> <span class='ocrx_word' id='word_1_36' title='bbox 772 381 914 418; x_wconf 86' lang='lat' dir='ltr'>infinitas,</span> <span class='ocrx_word' id='word_1_37' title='bbox 927 379 973 410; x_wconf 79' lang='lat' dir='ltr'>vel</span> 
     </span>
     <span class='ocr_line' id='line_1_6' title="bbox 139 425 975 472; baseline -0.011 -10"><span class='ocrx_word' id='word_1_38' title='bbox 139 430 293 472; x_wconf 83' lang='lat' dir='ltr'>qualitatis</span> <span class='ocrx_word' id='word_1_39' title='bbox 316 440 468 471; x_wconf 87' lang='lat' dir='ltr'>corporeae</span> <span class='ocrx_word' id='word_1_40' title='bbox 492 439 575 458; x_wconf 88' lang='lat' dir='ltr'>more</span> <span class='ocrx_word' id='word_1_41' title='bbox 604 425 799 461; x_wconf 74' lang='lat' dir='ltr'>distenditur,</span> <span class='ocrx_word' id='word_1_42' title='bbox 823 430 975 466; x_wconf 87' lang='lat' dir='ltr'>quatenus</span> 
     </span>
     <span class='ocr_line' id='line_1_7' title="bbox 139 468 971 514; baseline -0.01 -10"><span class='ocrx_word' id='word_1_43' title='bbox 139 473 232 504; x_wconf 88' lang='lat' dir='ltr'>moles</span> <span class='ocrx_word' id='word_1_44' title='bbox 254 472 361 503; x_wconf 89' lang='lat' dir='ltr'>mundi</span> <span class='ocrx_word' id='word_1_45' title='bbox 384 471 588 514; x_wconf 66' lang='lat' dir='ltr'>protenditur,</span> <span class='ocrx_word' id='word_1_46' title='bbox 612 469 663 500; x_wconf 88' lang='lat' dir='ltr'>sed</span> <span class='ocrx_word' id='word_1_47' title='bbox 688 468 777 499; x_wconf 87' lang='lat' dir='ltr'>unica</span> <span class='ocrx_word' id='word_1_48' title='bbox 800 473 971 509; x_wconf 85' lang='lat' dir='ltr'>permanet:</span> 
     </span>
     <span class='ocr_line' id='line_1_8' title="bbox 139 511 974 558; baseline -0.01 -11"><span class='ocrx_word' id='word_1_49' title='bbox 139 524 169 547; x_wconf 87' lang='lat' dir='ltr'>et</span> <span class='ocrx_word' id='word_1_50' title='bbox 183 523 457 558; x_wconf 89' lang='lat' dir='ltr'>quantumcunque</span> <span class='ocrx_word' id='word_1_51' title='bbox 472 512 607 556; x_wconf 89' lang='lat' dir='ltr'>corporis</span> <span class='ocrx_word' id='word_1_52' title='bbox 622 524 659 543; x_wconf 83' lang='lat' dir='ltr'>ex</span> <span class='ocrx_word' id='word_1_53' title='bbox 675 523 709 542; x_wconf 85' lang='lat' dir='ltr'>ea</span> <span class='ocrx_word' id='word_1_54' title='bbox 725 511 889 553; x_wconf 84' lang='lat' dir='ltr'>quicquam</span> <span class='ocrx_word' id='word_1_55' title='bbox 907 517 974 551; x_wconf 90' lang='lat' dir='ltr'>pot-</span> 
     </span>
     <span class='ocr_line' id='line_1_9' title="bbox 139 553 973 600; baseline -0.01 -10"><span class='ocrx_word' id='word_1_56' title='bbox 139 566 183 590; x_wconf 89' lang='lat' dir='ltr'>est</span> <span class='ocrx_word' id='word_1_57' title='bbox 197 559 342 600; x_wconf 87' lang='lat' dir='ltr'>accipere,</span> <span class='ocrx_word' id='word_1_58' title='bbox 358 558 423 600; x_wconf 88' lang='lat' dir='ltr'>ipsa</span> <span class='ocrx_word' id='word_1_59' title='bbox 435 557 549 599; x_wconf 90' lang='lat' dir='ltr'>ubique</span> <span class='ocrx_word' id='word_1_60' title='bbox 562 556 681 597; x_wconf 80' lang='lat' dir='ltr'>integra</span> <span class='ocrx_word' id='word_1_61' title='bbox 691 562 823 596; x_wconf 81' lang='lat' dir='ltr'>vegetat.</span> <span class='ocrx_word' id='word_1_62' title='bbox 849 553 973 583; x_wconf 86' lang='lat' dir='ltr'>Animae</span> 
     </span>
     <span class='ocr_line' id='line_1_10' title="bbox 139 596 972 644; baseline -0.01 -11"><span class='ocrx_word' id='word_1_63' title='bbox 139 613 262 644; x_wconf 89' lang='lat' dir='ltr'>quoque</span> <span class='ocrx_word' id='word_1_64' title='bbox 283 609 393 631; x_wconf 82' lang='lat' dir='ltr'>nostrae</span> <span class='ocrx_word' id='word_1_65' title='bbox 414 600 491 631; x_wconf 85' lang='lat' dir='ltr'>sicut</span> <span class='ocrx_word' id='word_1_66' title='bbox 513 610 573 630; x_wconf 90' lang='lat' dir='ltr'>non</span> <span class='ocrx_word' id='word_1_67' title='bbox 590 599 669 629; x_wconf 81' lang='lat' dir='ltr'>fiunt</span> <span class='ocrx_word' id='word_1_68' title='bbox 690 608 818 628; x_wconf 89' lang='lat' dir='ltr'>numero</span> <span class='ocrx_word' id='word_1_69' title='bbox 834 596 972 633; x_wconf 83' lang='lat' dir='ltr'>totidem,</span> 
     </span>
     <span class='ocr_line' id='line_1_11' title="bbox 139 639 973 686; baseline -0.008 -11"><span class='ocrx_word' id='word_1_70' title='bbox 139 656 175 675; x_wconf 86' lang='lat' dir='ltr'>ex</span> <span class='ocrx_word' id='word_1_71' title='bbox 199 651 244 675; x_wconf 90' lang='lat' dir='ltr'>tot</span> <span class='ocrx_word' id='word_1_72' title='bbox 264 643 415 686; x_wconf 87' lang='lat' dir='ltr'>corporeis</span> <span class='ocrx_word' id='word_1_73' title='bbox 435 642 626 685; x_wconf 79' lang='lat' dir='ltr'>portionibus</span> <span class='ocrx_word' id='word_1_74' title='bbox 648 648 741 682; x_wconf 83' lang='lat' dir='ltr'>atque</span> <span class='ocrx_word' id='word_1_75' title='bbox 763 639 973 682; x_wconf 78' lang='lat' dir='ltr'>qualitatibuS,</span> 
     </span>
     <span class='ocr_line' id='line_1_12' title="bbox 140 682 973 729; baseline -0.005 -13"><span class='ocrx_word' id='word_1_76' title='bbox 140 687 180 718; x_wconf 82' lang='lat' dir='ltr'>sic</span> <span class='ocrx_word' id='word_1_77' title='bbox 195 699 294 729; x_wconf 88' lang='lat' dir='ltr'>neque</span> <span class='ocrx_word' id='word_1_78' title='bbox 310 686 538 729; x_wconf 90' lang='lat' dir='ltr'>protenduntur</span> <span class='ocrx_word' id='word_1_79' title='bbox 553 685 584 715; x_wconf 91' lang='lat' dir='ltr'>in</span> <span class='ocrx_word' id='word_1_80' title='bbox 600 683 722 720; x_wconf 88' lang='lat' dir='ltr'>molem,</span> <span class='ocrx_word' id='word_1_81' title='bbox 739 691 768 714; x_wconf 90' lang='lat' dir='ltr'>et</span> <span class='ocrx_word' id='word_1_82' title='bbox 789 694 872 713; x_wconf 84' lang='lat' dir='ltr'>more</span> <span class='ocrx_word' id='word_1_83' title='bbox 892 682 973 713; x_wconf 85' lang='lat' dir='ltr'>albe-</span> 
     </span>
     <span class='ocr_line' id='line_1_13' title="bbox 139 725 976 760; baseline -0.007 1"><span class='ocrx_word' id='word_1_84' title='bbox 139 730 218 760; x_wconf 86' lang='lat' dir='ltr'>dinis</span> <span class='ocrx_word' id='word_1_85' title='bbox 240 729 450 760; x_wconf 84' lang='lat' dir='ltr'>extenduntur</span> <span class='ocrx_word' id='word_1_86' title='bbox 470 735 595 759; x_wconf 79' lang='lat' dir='ltr'>extensa</span> <span class='ocrx_word' id='word_1_87' title='bbox 617 726 762 757; x_wconf 85' lang='lat' dir='ltr'>materia:</span> <span class='ocrx_word' id='word_1_88' title='bbox 787 725 838 756; x_wconf 90' lang='lat' dir='ltr'>sed</span> <span class='ocrx_word' id='word_1_89' title='bbox 862 733 891 756; x_wconf 90' lang='lat' dir='ltr'>et</span> <span class='ocrx_word' id='word_1_90' title='bbox 908 725 976 756; x_wconf 92' lang='lat' dir='ltr'>toti-</span> 
     </span>
     <span class='ocr_line' id='line_1_14' title="bbox 139 770 974 814; baseline -0.007 -10"><span class='ocrx_word' id='word_1_91' title='bbox 139 773 208 803; x_wconf 88' lang='lat' dir='ltr'>dem</span> <span class='ocrx_word' id='word_1_92' title='bbox 225 781 307 811; x_wconf 89' lang='lat' dir='ltr'>sunt,</span> <span class='ocrx_word' id='word_1_93' title='bbox 322 780 398 814; x_wconf 90' lang='lat' dir='ltr'>quot</span> <span class='ocrx_word' id='word_1_94' title='bbox 414 771 615 814; x_wconf 72' lang='lat' dir='ltr'>proprietates</span> <span class='ocrx_word' id='word_1_95' title='bbox 630 770 755 807; x_wconf 74' lang='lat' dir='ltr'>intimae,</span> <span class='ocrx_word' id='word_1_96' title='bbox 771 776 801 800; x_wconf 90' lang='lat' dir='ltr'>et</span> <span class='ocrx_word' id='word_1_97' title='bbox 824 776 974 811; x_wconf 85' lang='lat' dir='ltr'>quantum</span> 
     </span>
     <span class='ocr_line' id='line_1_15' title="bbox 140 812 975 857; baseline -0.006 -11"><span class='ocrx_word' id='word_1_98' title='bbox 140 816 227 846; x_wconf 86' lang='lat' dir='ltr'>molis</span> <span class='ocrx_word' id='word_1_99' title='bbox 252 816 290 846; x_wconf 81' lang='lat' dir='ltr'>ad</span> <span class='ocrx_word' id='word_1_100' title='bbox 322 827 426 846; x_wconf 87' lang='lat' dir='ltr'>earum</span> <span class='ocrx_word' id='word_1_101' title='bbox 452 822 642 857; x_wconf 84' lang='lat' dir='ltr'>praeparatur</span> <span class='ocrx_word' id='word_1_102' title='bbox 664 812 828 850; x_wconf 77' lang='lat' dir='ltr'>influxum,</span> <span class='ocrx_word' id='word_1_103' title='bbox 856 818 975 842; x_wconf 88' lang='lat' dir='ltr'>tantum</span> 
     </span>
     <span class='ocr_line' id='line_1_16' title="bbox 140 856 976 899; baseline -0.006 -10"><span class='ocrx_word' id='word_1_104' title='bbox 140 859 275 889; x_wconf 79' lang='lat' dir='ltr'>formant</span> <span class='ocrx_word' id='word_1_105' title='bbox 294 858 454 889; x_wconf 82' lang='lat' dir='ltr'>individuo</span> <span class='ocrx_word' id='word_1_106' title='bbox 473 857 607 899; x_wconf 88' lang='lat' dir='ltr'>quodam</span> <span class='ocrx_word' id='word_1_107' title='bbox 631 864 661 886; x_wconf 91' lang='lat' dir='ltr'>et</span> <span class='ocrx_word' id='word_1_108' title='bbox 685 856 800 897; x_wconf 89' lang='lat' dir='ltr'>ubique</span> <span class='ocrx_word' id='word_1_109' title='bbox 823 862 888 885; x_wconf 88' lang='lat' dir='ltr'>toto</span> <span class='ocrx_word' id='word_1_110' title='bbox 908 866 976 896; x_wconf 91' lang='lat' dir='ltr'>per-</span> 
     </span>
     <span class='ocr_line' id='line_1_17' title="bbox 140 898 977 944; baseline -0.006 -12"><span class='ocrx_word' id='word_1_111' title='bbox 140 910 296 944; x_wconf 85' lang='lat' dir='ltr'>petuoque</span> <span class='ocrx_word' id='word_1_112' title='bbox 318 901 432 942; x_wconf 80' lang='lat' dir='ltr'>vigore.</span> <span class='ocrx_word' id='word_1_113' title='bbox 479 901 590 942; x_wconf 82' lang='lat' dir='ltr'><strong>Neque</strong></span> <span class='ocrx_word' id='word_1_114' title='bbox 611 907 728 929; x_wconf 77' lang='lat' dir='ltr'>secatur</span> <span class='ocrx_word' id='word_1_115' title='bbox 751 898 851 928; x_wconf 86' lang='lat' dir='ltr'>anima</span> <span class='ocrx_word' id='word_1_116' title='bbox 874 905 977 928; x_wconf 88' lang='lat' dir='ltr'>nostra</span> 
     </span>
     <span class='ocr_line' id='line_1_18' title="bbox 141 941 976 987; baseline -0.006 -12"><span class='ocrx_word' id='word_1_117' title='bbox 141 945 171 975; x_wconf 86' lang='lat' dir='ltr'>in</span> <span class='ocrx_word' id='word_1_118' title='bbox 195 945 298 987; x_wconf 85' lang='lat' dir='ltr'>plures</span> <span class='ocrx_word' id='word_1_119' title='bbox 314 945 439 979; x_wconf 85' lang='lat' dir='ltr'>animas,</span> <span class='ocrx_word' id='word_1_120' title='bbox 456 943 518 974; x_wconf 88' lang='lat' dir='ltr'>sive</span> <span class='ocrx_word' id='word_1_121' title='bbox 541 951 666 985; x_wconf 87' lang='lat' dir='ltr'>propter</span> <span class='ocrx_word' id='word_1_122' title='bbox 688 942 806 972; x_wconf 84' lang='lat' dir='ltr'>diversa</span> <span class='ocrx_word' id='word_1_123' title='bbox 830 941 976 977; x_wconf 83' lang='lat' dir='ltr'>membra,</span> 
     </span>
     <span class='ocr_line' id='line_1_19' title="bbox 142 984 979 1029; baseline -0.006 -11"><span class='ocrx_word' id='word_1_124' title='bbox 142 987 203 1018; x_wconf 90' lang='lat' dir='ltr'>sive</span> <span class='ocrx_word' id='word_1_125' title='bbox 219 988 357 1018; x_wconf 86' lang='lat' dir='ltr'>membro</span> <span class='ocrx_word' id='word_1_126' title='bbox 372 986 510 1029; x_wconf 87' lang='lat' dir='ltr'>quolibet</span> <span class='ocrx_word' id='word_1_127' title='bbox 525 993 701 1028; x_wconf 86' lang='lat' dir='ltr'>amputato:</span> <span class='ocrx_word' id='word_1_128' title='bbox 719 985 796 1015; x_wconf 87' lang='lat' dir='ltr'>sicut</span> <span class='ocrx_word' id='word_1_129' title='bbox 811 996 865 1014; x_wconf 89' lang='lat' dir='ltr'>nec</span> <span class='ocrx_word' id='word_1_130' title='bbox 877 984 979 1014; x_wconf 85' lang='lat' dir='ltr'>anima</span> 
     </span>
     <span class='ocr_line' id='line_1_20' title="bbox 143 1027 979 1073; baseline -0.006 -12"><span class='ocrx_word' id='word_1_131' title='bbox 143 1031 249 1061; x_wconf 91' lang='lat' dir='ltr'>mundi</span> <span class='ocrx_word' id='word_1_132' title='bbox 274 1031 340 1073; x_wconf 87' lang='lat' dir='ltr'>ipsa</span> <span class='ocrx_word' id='word_1_133' title='bbox 370 1030 399 1061; x_wconf 92' lang='lat' dir='ltr'>in</span> <span class='ocrx_word' id='word_1_134' title='bbox 431 1042 461 1060; x_wconf 90' lang='lat' dir='ltr'>se</span> <span class='ocrx_word' id='word_1_135' title='bbox 491 1029 538 1060; x_wconf 77' lang='lat' dir='ltr'>vel</span> <span class='ocrx_word' id='word_1_136' title='bbox 564 1028 723 1064; x_wconf 87' lang='lat' dir='ltr'>dividitur,</span> <span class='ocrx_word' id='word_1_137' title='bbox 747 1027 793 1058; x_wconf 92' lang='lat' dir='ltr'>vel</span> <span class='ocrx_word' id='word_1_138' title='bbox 817 1028 851 1057; x_wconf 87' lang='lat' dir='ltr'>fit</span> <span class='ocrx_word' id='word_1_139' title='bbox 876 1027 979 1069; x_wconf 88' lang='lat' dir='ltr'>plures</span> 
     </span>
     <span class='ocr_line' id='line_1_21' title="bbox 142 1070 979 1116; baseline -0.005 -12"><span class='ocrx_word' id='word_1_140' title='bbox 142 1074 261 1111; x_wconf 65' lang='lat' dir='ltr'>anima‘,</span> <span class='ocrx_word' id='word_1_141' title='bbox 288 1074 425 1116; x_wconf 86' lang='lat' dir='ltr'>partibus</span> <span class='ocrx_word' id='word_1_142' title='bbox 449 1073 527 1103; x_wconf 88' lang='lat' dir='ltr'>inter</span> <span class='ocrx_word' id='word_1_143' title='bbox 552 1084 582 1103; x_wconf 92' lang='lat' dir='ltr'>se</span> <span class='ocrx_word' id='word_1_144' title='bbox 607 1071 713 1102; x_wconf 92' lang='lat' dir='ltr'>mundi</span> <span class='ocrx_word' id='word_1_145' title='bbox 741 1070 853 1101; x_wconf 78' lang='lat' dir='ltr'>divisis.</span> <span class='ocrx_word' id='word_1_146' title='bbox 901 1071 979 1100; x_wconf 65' lang='lat' dir='ltr'>Haec</span> 
     </span>
     <span class='ocr_line' id='line_1_22' title="bbox 143 1113 978 1159; baseline -0.006 -12"><span class='ocrx_word' id='word_1_147' title='bbox 143 1117 222 1147; x_wconf 89' lang='lat' dir='ltr'>enim</span> <span class='ocrx_word' id='word_1_148' title='bbox 240 1128 301 1147; x_wconf 86' lang='lat' dir='ltr'>una</span> <span class='ocrx_word' id='word_1_149' title='bbox 317 1127 506 1159; x_wconf 82' lang='lat' dir='ltr'>permanenS,</span> <span class='ocrx_word' id='word_1_150' title='bbox 522 1123 799 1157; x_wconf 85' lang='lat' dir='ltr'>quantumcunque</span> <span class='ocrx_word' id='word_1_151' title='bbox 821 1113 978 1155; x_wconf 70' lang='lat' dir='ltr'>disiunga-</span> 
     </span>
     <span class='ocr_line' id='line_1_23' title="bbox 144 1157 981 1202; baseline -0.006 -12"><span class='ocrx_word' id='word_1_152' title='bbox 144 1167 195 1190; x_wconf 91' lang='lat' dir='ltr'>tur</span> <span class='ocrx_word' id='word_1_153' title='bbox 216 1171 285 1202; x_wconf 87' lang='lat' dir='ltr'>pars</span> <span class='ocrx_word' id='word_1_154' title='bbox 306 1159 413 1190; x_wconf 90' lang='lat' dir='ltr'>mundi</span> <span class='ocrx_word' id='word_1_155' title='bbox 432 1159 546 1195; x_wconf 80' lang='lat' dir='ltr'>vivens,</span> <span class='ocrx_word' id='word_1_156' title='bbox 571 1158 635 1188; x_wconf 76' lang='lat' dir='ltr'>liaec</span> <span class='ocrx_word' id='word_1_157' title='bbox 658 1157 697 1188; x_wconf 89' lang='lat' dir='ltr'>ab</span> <span class='ocrx_word' id='word_1_158' title='bbox 719 1157 777 1187; x_wconf 86' lang='lat' dir='ltr'>alia</span> <span class='ocrx_word' id='word_1_159' title='bbox 801 1164 899 1187; x_wconf 89' lang='lat' dir='ltr'>tamen</span> <span class='ocrx_word' id='word_1_160' title='bbox 917 1164 981 1186; x_wconf 89' lang='lat' dir='ltr'>tota</span> 
     </span>
     <span class='ocr_line' id='line_1_24' title="bbox 144 1199 980 1244; baseline -0.005 -11"><span class='ocrx_word' id='word_1_161' title='bbox 144 1203 232 1233; x_wconf 85' lang='lat' dir='ltr'>simul</span> <span class='ocrx_word' id='word_1_162' title='bbox 249 1208 293 1233; x_wconf 86' lang='lat' dir='ltr'>est</span> <span class='ocrx_word' id='word_1_163' title='bbox 316 1203 346 1233; x_wconf 90' lang='lat' dir='ltr'>in</span> <span class='ocrx_word' id='word_1_164' title='bbox 370 1210 510 1244; x_wconf 86' lang='lat' dir='ltr'>utraque.</span> <span class='ocrx_word' id='word_1_165' title='bbox 557 1202 615 1232; x_wconf 87' lang='lat' dir='ltr'>Est</span> <span class='ocrx_word' id='word_1_166' title='bbox 635 1208 664 1231; x_wconf 89' lang='lat' dir='ltr'>et</span> <span class='ocrx_word' id='word_1_167' title='bbox 686 1201 715 1230; x_wconf 90' lang='lat' dir='ltr'>in</span> <span class='ocrx_word' id='word_1_168' title='bbox 739 1199 840 1230; x_wconf 88' lang='lat' dir='ltr'>medio</span> <span class='ocrx_word' id='word_1_169' title='bbox 855 1207 980 1241; x_wconf 88' lang='lat' dir='ltr'>propter</span> 
     </span>
     <span class='ocr_line' id='line_1_25' title="bbox 144 1242 980 1286; baseline -0.005 -10"><span class='ocrx_word' id='word_1_170' title='bbox 144 1253 375 1276; x_wconf 83' lang='lat' dir='ltr'>continultatem</span> <span class='ocrx_word' id='word_1_171' title='bbox 403 1253 536 1275; x_wconf 86' lang='lat' dir='ltr'>materlae</span> <span class='ocrx_word' id='word_1_172' title='bbox 560 1244 678 1286; x_wconf 67' lang='lat' dir='ltr'>prima‘,</span> <span class='ocrx_word' id='word_1_173' title='bbox 701 1243 762 1273; x_wconf 93' lang='lat' dir='ltr'>imo</span> <span class='ocrx_word' id='word_1_174' title='bbox 785 1251 814 1273; x_wconf 89' lang='lat' dir='ltr'>et</span> <span class='ocrx_word' id='word_1_175' title='bbox 844 1242 980 1273; x_wconf 81' lang='lat' dir='ltr'>essentiae</span> 
     </span>
     <span class='ocr_line' id='line_1_26' title="bbox 144 1285 977 1330; baseline -0.005 -11"><span class='ocrx_word' id='word_1_176' title='bbox 144 1289 271 1330; x_wconf 84' lang='lat' dir='ltr'>quintae,</span> <span class='ocrx_word' id='word_1_177' title='bbox 283 1300 354 1330; x_wconf 86' lang='lat' dir='ltr'>quae</span> <span class='ocrx_word' id='word_1_178' title='bbox 368 1296 413 1319; x_wconf 83' lang='lat' dir='ltr'>est</span> <span class='ocrx_word' id='word_1_179' title='bbox 428 1287 586 1330; x_wconf 89' lang='lat' dir='ltr'>proprium</span> <span class='ocrx_word' id='word_1_180' title='bbox 602 1287 711 1317; x_wconf 83' lang='lat' dir='ltr'>animae</span> <span class='ocrx_word' id='word_1_181' title='bbox 722 1285 977 1328; x_wconf 84' lang='lat' dir='ltr'>susceptaculum.</span> 
     </span>
     <span class='ocr_line' id='line_1_27' title="bbox 148 1328 980 1370; baseline -0.005 -8"><span class='ocrx_word' id='word_1_182' title='bbox 148 1332 233 1362; x_wconf 91' lang='lat' dir='ltr'>Inter</span> <span class='ocrx_word' id='word_1_183' title='bbox 255 1332 320 1362; x_wconf 81' lang='lat' dir='ltr'>haec</span> <span class='ocrx_word' id='word_1_184' title='bbox 344 1331 367 1361; x_wconf 92' lang='lat' dir='ltr'>si</span> <span class='ocrx_word' id='word_1_185' title='bbox 388 1331 437 1362; x_wconf 86' lang='lat' dir='ltr'>cui</span> <span class='ocrx_word' id='word_1_186' title='bbox 458 1331 598 1361; x_wconf 87' lang='lat' dir='ltr'>Plotinus</span> <span class='ocrx_word' id='word_1_187' title='bbox 619 1329 740 1360; x_wconf 87' lang='lat' dir='ltr'>videtur</span> <span class='ocrx_word' id='word_1_188' title='bbox 763 1329 792 1359; x_wconf 84' lang='lat' dir='ltr'>in</span> <span class='ocrx_word' id='word_1_189' title='bbox 817 1328 928 1370; x_wconf 89' lang='lat' dir='ltr'>plantis</span> <span class='ocrx_word' id='word_1_190' title='bbox 950 1336 980 1359; x_wconf 89' lang='lat' dir='ltr'>et</span> 
     </span>
     <span class='ocr_line' id='line_1_28' title="bbox 146 1371 980 1416; baseline -0.005 -11"><span class='ocrx_word' id='word_1_191' title='bbox 146 1374 327 1405; x_wconf 80' lang='lat' dir='ltr'>animalibus</span> <span class='ocrx_word' id='word_1_192' title='bbox 350 1385 387 1404; x_wconf 81' lang='lat' dir='ltr'>ex</span> <span class='ocrx_word' id='word_1_193' title='bbox 415 1373 636 1416; x_wconf 79' lang='lat' dir='ltr'>putrefactione</span> <span class='ocrx_word' id='word_1_194' title='bbox 661 1372 781 1414; x_wconf 84' lang='lat' dir='ltr'>genitis,</span> <span class='ocrx_word' id='word_1_195' title='bbox 808 1383 868 1402; x_wconf 87' lang='lat' dir='ltr'>non</span> <span class='ocrx_word' id='word_1_196' title='bbox 891 1371 980 1402; x_wconf 86' lang='lat' dir='ltr'>aliam</span> 
     </span>
     <span class='ocr_line' id='line_1_29' title="bbox 146 1415 981 1459; baseline -0.004 -11"><span class='ocrx_word' id='word_1_197' title='bbox 146 1429 259 1459; x_wconf 89' lang='lat' dir='ltr'>ponere</span> <span class='ocrx_word' id='word_1_198' title='bbox 281 1417 423 1453; x_wconf 85' lang='lat' dir='ltr'>animam,</span> <span class='ocrx_word' id='word_1_199' title='bbox 447 1427 538 1458; x_wconf 87' lang='lat' dir='ltr'>quam</span> <span class='ocrx_word' id='word_1_200' title='bbox 565 1415 762 1452; x_wconf 77' lang='lat' dir='ltr'>mundanam,</span> <span class='ocrx_word' id='word_1_201' title='bbox 781 1422 813 1445; x_wconf 89' lang='lat' dir='ltr'>tu</span> <span class='ocrx_word' id='word_1_202' title='bbox 837 1426 920 1452; x_wconf 82' lang='lat' dir='ltr'>cave,</span> <span class='ocrx_word' id='word_1_203' title='bbox 944 1426 981 1445; x_wconf 87' lang='lat' dir='ltr'>ne</span> 
     </span>
     <span class='ocr_line' id='line_1_30' title="bbox 146 1457 980 1500; baseline -0.005 -9"><span class='ocrx_word' id='word_1_204' title='bbox 146 1460 233 1491; x_wconf 85' lang='lat' dir='ltr'>facile</span> <span class='ocrx_word' id='word_1_205' title='bbox 258 1460 287 1490; x_wconf 94' lang='lat' dir='ltr'>id</span> <span class='ocrx_word' id='word_1_206' title='bbox 319 1459 517 1490; x_wconf 80' lang='lat' dir='ltr'>concesseris:</span> <span class='ocrx_word' id='word_1_207' title='bbox 542 1459 573 1489; x_wconf 89' lang='lat' dir='ltr'>id</span> <span class='ocrx_word' id='word_1_208' title='bbox 603 1459 682 1489; x_wconf 88' lang='lat' dir='ltr'>enim</span> <span class='ocrx_word' id='word_1_209' title='bbox 713 1459 776 1500; x_wconf 86' lang='lat' dir='ltr'>ipse</span> <span class='ocrx_word' id='word_1_210' title='bbox 800 1457 922 1488; x_wconf 82' lang='lat' dir='ltr'>videtur</span> <span class='ocrx_word' id='word_1_211' title='bbox 950 1457 980 1487; x_wconf 90' lang='lat' dir='ltr'>in</span> 
     </span>
     <span class='ocr_line' id='line_1_31' title="bbox 147 1500 982 1534; baseline -0.005 0"><span class='ocrx_word' id='word_1_212' title='bbox 147 1503 224 1534; x_wconf 91' lang='lat' dir='ltr'>libro</span> <span class='ocrx_word' id='word_1_213' title='bbox 247 1503 285 1533; x_wconf 86' lang='lat' dir='ltr'>de</span> <span class='ocrx_word' id='word_1_214' title='bbox 314 1503 422 1533; x_wconf 80' lang='lat' dir='ltr'>animae</span> <span class='ocrx_word' id='word_1_215' title='bbox 447 1501 672 1532; x_wconf 78' lang='lat' dir='ltr'>immortalitate</span> <span class='ocrx_word' id='word_1_216' title='bbox 698 1501 843 1532; x_wconf 81' lang='lat' dir='ltr'>refellere.</span> <span class='ocrx_word' id='word_1_217' title='bbox 890 1500 982 1531; x_wconf 86' lang='lat' dir='ltr'>Dices</span> 
     </span>
     <span class='ocr_line' id='line_1_32' title="bbox 147 1543 983 1588; baseline -0.002 -12"><span class='ocrx_word' id='word_1_218' title='bbox 147 1558 220 1588; x_wconf 83' lang='lat' dir='ltr'>ergo</span> <span class='ocrx_word' id='word_1_219' title='bbox 236 1546 330 1588; x_wconf 84' lang='lat' dir='ltr'>ipsam</span> <span class='ocrx_word' id='word_1_220' title='bbox 348 1545 455 1576; x_wconf 91' lang='lat' dir='ltr'>mundi</span> <span class='ocrx_word' id='word_1_221' title='bbox 471 1545 602 1575; x_wconf 85' lang='lat' dir='ltr'>animam</span> <span class='ocrx_word' id='word_1_222' title='bbox 619 1545 760 1575; x_wconf 85' lang='lat' dir='ltr'>omnibus</span> <span class='ocrx_word' id='word_1_223' title='bbox 776 1544 900 1586; x_wconf 86' lang='lat' dir='ltr'>quidem</span> <span class='ocrx_word' id='word_1_224' title='bbox 917 1543 983 1574; x_wconf 82' lang='lat' dir='ltr'>tali-</span> 
     </span>
     <span class='ocr_line' id='line_1_33' title="bbox 147 1587 980 1630; baseline -0.004 -11"><span class='ocrx_word' id='word_1_225' title='bbox 147 1590 205 1620; x_wconf 89' lang='lat' dir='ltr'>bus</span> <span class='ocrx_word' id='word_1_226' title='bbox 234 1601 297 1619; x_wconf 87' lang='lat' dir='ltr'>esse</span> <span class='ocrx_word' id='word_1_227' title='bbox 327 1596 520 1630; x_wconf 79' lang='lat' dir='ltr'>praesentem,</span> <span class='ocrx_word' id='word_1_228' title='bbox 552 1599 652 1629; x_wconf 89' lang='lat' dir='ltr'>neque</span> <span class='ocrx_word' id='word_1_229' title='bbox 680 1588 747 1629; x_wconf 82' lang='lat' dir='ltr'>cogi</span> <span class='ocrx_word' id='word_1_230' title='bbox 777 1587 855 1617; x_wconf 79' lang='lat' dir='ltr'>lianc</span> <span class='ocrx_word' id='word_1_231' title='bbox 885 1587 980 1629; x_wconf 86' lang='lat' dir='ltr'>ipsam</span> 
     </span>
     <span class='ocr_line' id='line_1_34' title="bbox 148 1630 981 1674; baseline -0.002 -12"><span class='ocrx_word' id='word_1_232' title='bbox 148 1632 250 1674; x_wconf 90' lang='lat' dir='ltr'>plures</span> <span class='ocrx_word' id='word_1_233' title='bbox 266 1632 330 1662; x_wconf 83' lang='lat' dir='ltr'>fieri</span> <span class='ocrx_word' id='word_1_234' title='bbox 352 1632 467 1662; x_wconf 87' lang='lat' dir='ltr'>animas</span> <span class='ocrx_word' id='word_1_235' title='bbox 489 1639 615 1673; x_wconf 89' lang='lat' dir='ltr'>propter</span> <span class='ocrx_word' id='word_1_236' title='bbox 638 1631 783 1661; x_wconf 84' lang='lat' dir='ltr'>sectiones</span> <span class='ocrx_word' id='word_1_237' title='bbox 806 1630 918 1672; x_wconf 84' lang='lat' dir='ltr'>plures,</span> <span class='ocrx_word' id='word_1_238' title='bbox 935 1637 981 1660; x_wconf 90' lang='lat' dir='ltr'>at-</span> 
     </span>
     <span class='ocr_line' id='line_1_35' title="bbox 148 1672 983 1717; baseline -0.004 -12"><span class='ocrx_word' id='word_1_239' title='bbox 148 1687 209 1717; x_wconf 90' lang='lat' dir='ltr'>que</span> <span class='ocrx_word' id='word_1_240' title='bbox 231 1676 409 1713; x_wconf 73' lang='lat' dir='ltr'>animantes,</span> <span class='ocrx_word' id='word_1_241' title='bbox 425 1674 476 1705; x_wconf 86' lang='lat' dir='ltr'>sed</span> <span class='ocrx_word' id='word_1_242' title='bbox 500 1675 615 1704; x_wconf 87' lang='lat' dir='ltr'>interea</span> <span class='ocrx_word' id='word_1_243' title='bbox 637 1685 697 1703; x_wconf 88' lang='lat' dir='ltr'>non</span> <span class='ocrx_word' id='word_1_244' title='bbox 720 1674 798 1704; x_wconf 86' lang='lat' dir='ltr'>hanc</span> <span class='ocrx_word' id='word_1_245' title='bbox 821 1673 913 1703; x_wconf 85' lang='lat' dir='ltr'>solam</span> <span class='ocrx_word' id='word_1_246' title='bbox 936 1672 983 1702; x_wconf 80' lang='lat' dir='ltr'>liis</span> 
     </span>
     <span class='ocr_line' id='line_1_36' title="bbox 148 1716 983 1760; baseline -0.002 -12"><span class='ocrx_word' id='word_1_247' title='bbox 148 1730 211 1748; x_wconf 88' lang='lat' dir='ltr'>esse</span> <span class='ocrx_word' id='word_1_248' title='bbox 227 1718 331 1755; x_wconf 85' lang='lat' dir='ltr'>vitam,</span> <span class='ocrx_word' id='word_1_249' title='bbox 348 1718 487 1760; x_wconf 79' lang='lat' dir='ltr'>quamvis</span> <span class='ocrx_word' id='word_1_250' title='bbox 502 1718 568 1759; x_wconf 80' lang='lat' dir='ltr'>ipsa</span> <span class='ocrx_word' id='word_1_251' title='bbox 581 1717 657 1747; x_wconf 84' lang='lat' dir='ltr'>vitas</span> <span class='ocrx_word' id='word_1_252' title='bbox 676 1717 704 1747; x_wconf 89' lang='lat' dir='ltr'>in</span> <span class='ocrx_word' id='word_1_253' title='bbox 727 1716 774 1747; x_wconf 88' lang='lat' dir='ltr'>his</span> <span class='ocrx_word' id='word_1_254' title='bbox 788 1724 922 1757; x_wconf 79' lang='lat' dir='ltr'>generet,</span> <span class='ocrx_word' id='word_1_255' title='bbox 939 1724 983 1746; x_wconf 88' lang='lat' dir='ltr'>at-</span> 
     </span>
     <span class='ocr_line' id='line_1_37' title="bbox 149 1758 984 1803; baseline -0.004 -12"><span class='ocrx_word' id='word_1_256' title='bbox 149 1773 209 1803; x_wconf 89' lang='lat' dir='ltr'>que</span> <span class='ocrx_word' id='word_1_257' title='bbox 225 1761 349 1791; x_wconf 86' lang='lat' dir='ltr'>animas.</span> <span class='ocrx_word' id='word_1_258' title='bbox 388 1762 466 1798; x_wconf 70' lang='lat' dir='ltr'>Qufe</span> <span class='ocrx_word' id='word_1_259' title='bbox 482 1760 606 1802; x_wconf 90' lang='lat' dir='ltr'>quidem</span> <span class='ocrx_word' id='word_1_260' title='bbox 622 1759 730 1790; x_wconf 72' lang='lat' dir='ltr'>animae</span> <span class='ocrx_word' id='word_1_261' title='bbox 747 1759 769 1789; x_wconf 89' lang='lat' dir='ltr'>si</span> <span class='ocrx_word' id='word_1_262' title='bbox 786 1771 803 1789; x_wconf 90' lang='lat' dir='ltr'>a</span> <span class='ocrx_word' id='word_1_263' title='bbox 819 1758 984 1790; x_wconf 80' lang='lat' dir='ltr'>Platonicis</span> 
     </span>
     <span class='ocr_line' id='line_1_38' title="bbox 149 1802 984 1846; baseline -0.002 -12"><span class='ocrx_word' id='word_1_264' title='bbox 149 1804 313 1846; x_wconf 86' lang='lat' dir='ltr'>aliquibus,</span> <span class='ocrx_word' id='word_1_265' title='bbox 326 1811 354 1834; x_wconf 93' lang='lat' dir='ltr'>et</span> <span class='ocrx_word' id='word_1_266' title='bbox 372 1804 410 1834; x_wconf 90' lang='lat' dir='ltr'>ab</span> <span class='ocrx_word' id='word_1_267' title='bbox 425 1804 491 1845; x_wconf 87' lang='lat' dir='ltr'>ipso</span> <span class='ocrx_word' id='word_1_268' title='bbox 504 1803 627 1834; x_wconf 90' lang='lat' dir='ltr'>Plotino</span> <span class='ocrx_word' id='word_1_269' title='bbox 642 1802 752 1833; x_wconf 86' lang='lat' dir='ltr'>alicubi</span> <span class='ocrx_word' id='word_1_270' title='bbox 765 1802 906 1833; x_wconf 84' lang='lat' dir='ltr'>dicantur</span> <span class='ocrx_word' id='word_1_271' title='bbox 921 1814 984 1832; x_wconf 84' lang='lat' dir='ltr'>esse</span> 
     </span>
     <span class='ocr_line' id='line_1_39' title="bbox 151 1845 984 1888; baseline -0.004 -11"><span class='ocrx_word' id='word_1_272' title='bbox 151 1847 317 1878; x_wconf 83' lang='lat' dir='ltr'>secundum</span> <span class='ocrx_word' id='word_1_273' title='bbox 338 1847 476 1888; x_wconf 84' lang='lat' dir='ltr'>proprias</span> <span class='ocrx_word' id='word_1_274' title='bbox 498 1846 682 1877; x_wconf 79' lang='lat' dir='ltr'>substantias</span> <span class='ocrx_word' id='word_1_275' title='bbox 706 1845 908 1887; x_wconf 58' lang='lat' dir='ltr'>sempiternae,</span> <span class='ocrx_word' id='word_1_276' title='bbox 925 1856 984 1875; x_wconf 86' lang='lat' dir='ltr'>non</span> 
     </span>
     <span class='ocr_line' id='line_1_40' title="bbox 151 1888 985 1932; baseline -0.004 -12"><span class='ocrx_word' id='word_1_277' title='bbox 151 1897 224 1920; x_wconf 89' lang='lat' dir='ltr'>tunc</span> <span class='ocrx_word' id='word_1_278' title='bbox 239 1890 371 1932; x_wconf 90' lang='lat' dir='ltr'>primum</span> <span class='ocrx_word' id='word_1_279' title='bbox 387 1890 426 1920; x_wconf 87' lang='lat' dir='ltr'>ab</span> <span class='ocrx_word' id='word_1_280' title='bbox 441 1889 542 1920; x_wconf 83' lang='lat' dir='ltr'>anima</span> <span class='ocrx_word' id='word_1_281' title='bbox 557 1889 662 1919; x_wconf 90' lang='lat' dir='ltr'>mundi</span> <span class='ocrx_word' id='word_1_282' title='bbox 679 1889 919 1929; x_wconf 66' lang='lat' dir='ltr'>generabuntur,</span> <span class='ocrx_word' id='word_1_283' title='bbox 932 1888 985 1918; x_wconf 84' lang='lat' dir='ltr'>sed</span> 
     </span>
     <span class='ocr_line' id='line_1_41' title="bbox 153 1931 983 1974; baseline -0.001 -12"><span class='ocrx_word' id='word_1_284' title='bbox 153 1932 312 1963; x_wconf 87' lang='lat' dir='ltr'>universali</span> <span class='ocrx_word' id='word_1_285' title='bbox 342 1932 422 1963; x_wconf 91' lang='lat' dir='ltr'>illius</span> <span class='ocrx_word' id='word_1_286' title='bbox 451 1932 595 1963; x_wconf 88' lang='lat' dir='ltr'>instinctu</span> <span class='ocrx_word' id='word_1_287' title='bbox 626 1932 736 1974; x_wconf 79' lang='lat' dir='ltr'>genitis</span> <span class='ocrx_word' id='word_1_288' title='bbox 773 1931 983 1961; x_wconf 87' lang='lat' dir='ltr'>infundentur.</span> 
     </span>
     <span class='ocr_line' id='line_1_42' title="bbox 154 1974 983 2017; baseline -0.002 -12"><span class='ocrx_word' id='word_1_289' title='bbox 154 1975 270 2006; x_wconf 87' lang='lat' dir='ltr'>Poterit</span> <span class='ocrx_word' id='word_1_290' title='bbox 292 1983 321 2006; x_wconf 91' lang='lat' dir='ltr'>et</span> <span class='ocrx_word' id='word_1_291' title='bbox 342 1976 450 2017; x_wconf 86' lang='lat' dir='ltr'>aliquis</span> <span class='ocrx_word' id='word_1_292' title='bbox 472 1975 582 2012; x_wconf 82' lang='lat' dir='ltr'>dicere,</span> <span class='ocrx_word' id='word_1_293' title='bbox 599 1986 717 2005; x_wconf 87' lang='lat' dir='ltr'>omnem</span> <span class='ocrx_word' id='word_1_294' title='bbox 742 1975 866 2016; x_wconf 88' lang='lat' dir='ltr'>quidem</span> <span class='ocrx_word' id='word_1_295' title='bbox 891 1974 983 2004; x_wconf 81' lang='lat' dir='ltr'>vitam</span> 
     </span>
     <span class='ocr_line' id='line_1_43' title="bbox 152 2017 985 2065; baseline -0.001 -18"><span class='ocrx_word' id='word_1_296' title='bbox 152 2030 215 2048; x_wconf 84' lang='lat' dir='ltr'>esse</span> <span class='ocrx_word' id='word_1_297' title='bbox 235 2026 424 2065; x_wconf 78' lang='lat' dir='ltr'>perpetuam,</span> <span class='ocrx_word' id='word_1_298' title='bbox 449 2018 501 2049; x_wconf 88' lang='lat' dir='ltr'>sed</span> <span class='ocrx_word' id='word_1_299' title='bbox 525 2018 651 2056; x_wconf 84' lang='lat' dir='ltr'>animas,</span> <span class='ocrx_word' id='word_1_300' title='bbox 667 2018 690 2048; x_wconf 83' lang='lat' dir='ltr'>si</span> <span class='ocrx_word' id='word_1_301' title='bbox 713 2029 783 2059; x_wconf 79' lang='lat' dir='ltr'>quae</span> <span class='ocrx_word' id='word_1_302' title='bbox 806 2025 877 2048; x_wconf 85' lang='lat' dir='ltr'>sunt</span> <span class='ocrx_word' id='word_1_303' title='bbox 900 2017 985 2055; x_wconf 81' lang='lat' dir='ltr'>tales,</span> 
     </span>
     <span class='ocr_line' id='line_1_44' title="bbox 153 2060 983 2107; baseline 0 -17"><span class='ocrx_word' id='word_1_304' title='bbox 153 2072 277 2102; x_wconf 79' lang='lat' dir='ltr'>proprio</span> <span class='ocrx_word' id='word_1_305' title='bbox 299 2068 383 2107; x_wconf 79' lang='lat' dir='ltr'>motu</span> <span class='ocrx_word' id='word_1_306' title='bbox 403 2068 548 2098; x_wconf 86' lang='lat' dir='ltr'>carentes,</span> <span class='ocrx_word' id='word_1_307' title='bbox 568 2073 626 2091; x_wconf 91' lang='lat' dir='ltr'>non</span> <span class='ocrx_word' id='word_1_308' title='bbox 644 2069 704 2091; x_wconf 88' lang='lat' dir='ltr'>tam</span> <span class='ocrx_word' id='word_1_309' title='bbox 729 2061 758 2091; x_wconf 91' lang='lat' dir='ltr'>in</span> <span class='ocrx_word' id='word_1_310' title='bbox 783 2072 823 2098; x_wconf 89' lang='lat' dir='ltr'>se,</span> <span class='ocrx_word' id='word_1_311' title='bbox 840 2072 932 2102; x_wconf 89' lang='lat' dir='ltr'>quam</span> <span class='ocrx_word' id='word_1_312' title='bbox 954 2060 983 2090; x_wconf 91' lang='lat' dir='ltr'>in</span> 
     </span>
     <span class='ocr_line' id='line_1_45' title="bbox 153 2104 985 2145; baseline -0.002 -11"><span class='ocrx_word' id='word_1_313' title='bbox 153 2114 306 2134; x_wconf 83' lang='lat' dir='ltr'>communi</span> <span class='ocrx_word' id='word_1_314' title='bbox 323 2111 389 2144; x_wconf 85' lang='lat' dir='ltr'>post</span> <span class='ocrx_word' id='word_1_315' title='bbox 410 2104 527 2134; x_wconf 90' lang='lat' dir='ltr'>obitum</span> <span class='ocrx_word' id='word_1_316' title='bbox 543 2104 604 2134; x_wconf 83' lang='lat' dir='ltr'>vita</span> <span class='ocrx_word' id='word_1_317' title='bbox 620 2104 781 2134; x_wconf 85' lang='lat' dir='ltr'>subsistere</span> <span class='ocrx_word' id='word_1_318' title='bbox 796 2116 801 2134; x_wconf 90' lang='lat'><strong>:</strong></span> <span class='ocrx_word' id='word_1_319' title='bbox 827 2115 897 2145; x_wconf 73' lang='lat' dir='ltr'>quze</span> <span class='ocrx_word' id='word_1_320' title='bbox 913 2115 985 2133; x_wconf 80' lang='lat' dir='ltr'>vero</span> 
     </span>
     <span class='ocr_line' id='line_1_46' title="bbox 154 2145 983 2189; baseline 0 -14"><span class='ocrx_word' id='word_1_321' title='bbox 154 2145 292 2188; x_wconf 87' lang='lat' dir='ltr'>proprios</span> <span class='ocrx_word' id='word_1_322' title='bbox 307 2145 401 2176; x_wconf 86' lang='lat' dir='ltr'>edunt</span> <span class='ocrx_word' id='word_1_323' title='bbox 423 2154 534 2183; x_wconf 85' lang='lat' dir='ltr'>motus,</span> <span class='ocrx_word' id='word_1_324' title='bbox 550 2146 717 2189; x_wconf 65' lang='lat' dir='ltr'>przesertim</span> <span class='ocrx_word' id='word_1_325' title='bbox 735 2147 758 2177; x_wconf 81' lang='lat' dir='ltr'>si</span> <span class='ocrx_word' id='word_1_326' title='bbox 774 2146 893 2183; x_wconf 83' lang='lat' dir='ltr'>liberos,</span> <span class='ocrx_word' id='word_1_327' title='bbox 911 2157 983 2187; x_wconf 91' lang='lat' dir='ltr'>pro-</span> 
     </span>
     <span class='ocr_line' id='line_1_47' title="bbox 154 2189 986 2231; baseline 0.001 -13"><span class='ocrx_word' id='word_1_328' title='bbox 154 2189 250 2231; x_wconf 82' lang='lat' dir='ltr'>priam</span> <span class='ocrx_word' id='word_1_329' title='bbox 263 2200 387 2230; x_wconf 88' lang='lat' dir='ltr'>quoque</span> <span class='ocrx_word' id='word_1_330' title='bbox 399 2189 525 2219; x_wconf 83' lang='lat' dir='ltr'>formam</span> <span class='ocrx_word' id='word_1_331' title='bbox 543 2201 596 2231; x_wconf 89' lang='lat' dir='ltr'>per</span> <span class='ocrx_word' id='word_1_332' title='bbox 611 2202 641 2220; x_wconf 86' lang='lat' dir='ltr'>se</span> <span class='ocrx_word' id='word_1_333' title='bbox 656 2190 736 2231; x_wconf 87' lang='lat' dir='ltr'>ipsas</span> <span class='ocrx_word' id='word_1_334' title='bbox 752 2197 901 2231; x_wconf 84' lang='lat' dir='ltr'>perpetuo</span> <span class='ocrx_word' id='word_1_335' title='bbox 916 2201 986 2219; x_wconf 88' lang='lat' dir='ltr'>con-</span> 
     </span>
     <span class='ocr_line' id='line_1_48' title="bbox 154 2232 987 2279; baseline -0.001 -17"><span class='ocrx_word' id='word_1_336' title='bbox 154 2243 296 2279; x_wconf 47' lang='lat' dir='ltr'>servare..</span> <span class='ocrx_word' id='word_1_337' title='bbox 331 2233 456 2272; x_wconf 75' lang='lat' dir='ltr'>Semper</span> <span class='ocrx_word' id='word_1_338' title='bbox 477 2243 551 2278; x_wconf 34' lang='lat' dir='ltr'>‘vero</span> <span class='ocrx_word' id='word_1_339' title='bbox 581 2240 742 2269; x_wconf 85' lang='lat' dir='ltr'>memento,</span> <span class='ocrx_word' id='word_1_340' title='bbox 774 2240 884 2274; x_wconf 77' lang='lat' dir='ltr'>praetcr</span> <span class='ocrx_word' id='word_1_341' title='bbox 910 2232 987 2262; x_wconf 84' lang='lat' dir='ltr'>vitas</span> 
     </span>
     <span class='ocr_line' id='line_1_49' title="bbox 154 2275 987 2315; baseline 0.001 -11"><span class='ocrx_word' id='word_1_342' title='bbox 154 2282 353 2305; x_wconf 81' lang='lat' dir='ltr'>ammantium</span> <span class='ocrx_word' id='word_1_343' title='bbox 382 2285 528 2315; x_wconf 82' lang='lat' dir='ltr'>proprias,</span> <span class='ocrx_word' id='word_1_344' title='bbox 555 2275 676 2305; x_wconf 79' lang='lat' dir='ltr'>subesse</span> <span class='ocrx_word' id='word_1_345' title='bbox 703 2284 827 2305; x_wconf 86' lang='lat' dir='ltr'>cunctos</span> <span class='ocrx_word' id='word_1_346' title='bbox 852 2286 987 2305; x_wconf 88' lang='lat' dir='ltr'>commu-</span> 
     </span>
     <span class='ocr_line' id='line_1_50' title="bbox 155 2316 988 2359; baseline 0 -11"><span class='ocrx_word' id='word_1_347' title='bbox 155 2329 223 2348; x_wconf 89' lang='lat' dir='ltr'>nem</span> <span class='ocrx_word' id='word_1_348' title='bbox 248 2317 307 2347; x_wconf 81' lang='lat' dir='ltr'>vim</span> <span class='ocrx_word' id='word_1_349' title='bbox 332 2328 368 2346; x_wconf 80' lang='lat' dir='ltr'>ex</span> <span class='ocrx_word' id='word_1_350' title='bbox 394 2316 500 2346; x_wconf 90' lang='lat' dir='ltr'>mundi</span> <span class='ocrx_word' id='word_1_351' title='bbox 520 2317 619 2347; x_wconf 86' lang='lat' dir='ltr'>anima</span> <span class='ocrx_word' id='word_1_352' title='bbox 638 2318 803 2359; x_wconf 78' lang='lat' dir='ltr'>vegetalem</span> <span class='ocrx_word' id='word_1_353' title='bbox 828 2318 857 2348; x_wconf 91' lang='lat' dir='ltr'>in</span> <span class='ocrx_word' id='word_1_354' title='bbox 881 2318 988 2348; x_wconf 89' lang='lat' dir='ltr'>arbore</span> 
     </span>
     <span class='ocr_line' id='line_1_51' title="bbox 156 2359 985 2402; baseline 0 -11"><span class='ocrx_word' id='word_1_355' title='bbox 156 2360 311 2391; x_wconf 88' lang='lat' dir='ltr'>mundana</span> <span class='ocrx_word' id='word_1_356' title='bbox 328 2367 421 2389; x_wconf 77' lang='lat' dir='ltr'>totam</span> <span class='ocrx_word' id='word_1_357' title='bbox 445 2359 558 2399; x_wconf 87' lang='lat' dir='ltr'>ubique</span> <span class='ocrx_word' id='word_1_358' title='bbox 581 2360 744 2401; x_wconf 73' lang='lat' dir='ltr'>vigentem,</span> <span class='ocrx_word' id='word_1_359' title='bbox 761 2373 831 2402; x_wconf 77' lang='lat' dir='ltr'>quae</span> <span class='ocrx_word' id='word_1_360' title='bbox 854 2369 883 2391; x_wconf 90' lang='lat' dir='ltr'>et</span> <span class='ocrx_word' id='word_1_361' title='bbox 906 2372 985 2402; x_wconf 78' lang='lat' dir='ltr'>prae-</span> 
     </span>
     <span class='ocr_line' id='line_1_52' title="bbox 156 2401 987 2448; baseline -0.001 -14"><span class='ocrx_word' id='word_1_362' title='bbox 156 2411 243 2445; x_wconf 87' lang='lat' dir='ltr'>paret</span> <span class='ocrx_word' id='word_1_363' title='bbox 273 2402 412 2432; x_wconf 84' lang='lat' dir='ltr'>materias</span> <span class='ocrx_word' id='word_1_364' title='bbox 437 2401 567 2448; x_wconf 75' lang='lat' dir='ltr'>propriis</span> <span class='ocrx_word' id='word_1_365' title='bbox 596 2402 764 2439; x_wconf 81' lang='lat' dir='ltr'>animabus,</span> <span class='ocrx_word' id='word_1_366' title='bbox 791 2412 820 2433; x_wconf 92' lang='lat' dir='ltr'>et</span> <span class='ocrx_word' id='word_1_367' title='bbox 852 2411 987 2445; x_wconf 84' lang='lat' dir='ltr'>tempore</span> 
     </span>
     <span class='ocr_line' id='line_1_53' title="bbox 156 2452 989 2479; baseline -0.002 -2"><span class='ocrx_word' id='word_1_368' title='bbox 156 2454 238 2477; x_wconf 82' lang='lat' dir='ltr'>certo</span> <span class='ocrx_word' id='word_1_369' title='bbox 253 2453 421 2479; x_wconf 80' lang='lat' dir='ltr'>conservet,</span> <span class='ocrx_word' id='word_1_370' title='bbox 438 2453 465 2474; x_wconf 82' lang='lat' dir='ltr'>et</span> <span class='ocrx_word' id='word_1_371' title='bbox 486 2455 514 2473; x_wconf 85' lang='lat' dir='ltr'>ln</span> <span class='ocrx_word' id='word_1_372' title='bbox 537 2455 630 2473; x_wconf 90' lang='lat' dir='ltr'>unum</span> <span class='ocrx_word' id='word_1_373' title='bbox 649 2453 780 2475; x_wconf 82' lang='lat' dir='ltr'>viventia</span> <span class='ocrx_word' id='word_1_374' title='bbox 795 2452 905 2476; x_wconf 84' lang='lat' dir='ltr'>cuncta</span> <span class='ocrx_word' id='word_1_375' title='bbox 919 2457 989 2476; x_wconf 83' lang='lat' dir='ltr'>con-</span> 
     </span>
     <span class='ocr_line' id='line_1_54' title="bbox 156 2486 988 2530; baseline -0.001 -11"><span class='ocrx_word' id='word_1_376' title='bbox 156 2489 246 2519; x_wconf 89' lang='lat' dir='ltr'>ciliet.</span> <span class='ocrx_word' id='word_1_377' title='bbox 294 2489 388 2518; x_wconf 89' lang='lat' dir='ltr'>Hunc</span> <span class='ocrx_word' id='word_1_378' title='bbox 414 2486 620 2528; x_wconf 72' lang='lat' dir='ltr'>Pythagorici,</span> <span class='ocrx_word' id='word_1_379' title='bbox 637 2487 784 2518; x_wconf 83' lang='lat' dir='ltr'>referente</span> <span class='ocrx_word' id='word_1_380' title='bbox 801 2490 894 2519; x_wconf 77' lang='lat' dir='ltr'>Sexto</span> <span class='ocrx_word' id='word_1_381' title='bbox 912 2489 988 2530; x_wconf 72' lang='lat' dir='ltr'>Pyr-</span> 
     </span>
     <span class='ocr_line' id='line_1_55' title="bbox 157 2529 987 2571; baseline -0.002 -9"><span class='ocrx_word' id='word_1_382' title='bbox 157 2532 275 2569; x_wconf 88' lang='lat' dir='ltr'>rhonio,</span> <span class='ocrx_word' id='word_1_383' title='bbox 297 2543 360 2562; x_wconf 86' lang='lat' dir='ltr'>esse</span> <span class='ocrx_word' id='word_1_384' title='bbox 384 2531 490 2561; x_wconf 86' lang='lat' dir='ltr'>dicunt</span> <span class='ocrx_word' id='word_1_385' title='bbox 516 2529 653 2571; x_wconf 80' lang='lat' dir='ltr'>spiritum</span> <span class='ocrx_word' id='word_1_386' title='bbox 678 2529 706 2559; x_wconf 87' lang='lat' dir='ltr'>in</span> <span class='ocrx_word' id='word_1_387' title='bbox 731 2530 855 2560; x_wconf 87' lang='lat' dir='ltr'>modum</span> <span class='ocrx_word' id='word_1_388' title='bbox 879 2531 987 2561; x_wconf 75' lang='lat' dir='ltr'>animae</span> 
     </span>
     <span class='ocr_line' id='line_1_56' title="bbox 158 2571 988 2612; baseline 0 -8"><span class='ocrx_word' id='word_1_389' title='bbox 158 2575 248 2605; x_wconf 85' lang='lat' dir='ltr'>rebus</span> <span class='ocrx_word' id='word_1_390' title='bbox 264 2574 380 2605; x_wconf 90' lang='lat' dir='ltr'>cunctis</span> <span class='ocrx_word' id='word_1_391' title='bbox 396 2574 542 2609; x_wconf 86' lang='lat' dir='ltr'>infusum,</span> <span class='ocrx_word' id='word_1_392' title='bbox 559 2571 611 2612; x_wconf 89' lang='lat' dir='ltr'>qui</span> <span class='ocrx_word' id='word_1_393' title='bbox 629 2571 764 2602; x_wconf 80' lang='lat' dir='ltr'>homines</span> <span class='ocrx_word' id='word_1_394' title='bbox 779 2573 914 2603; x_wconf 83' lang='lat' dir='ltr'>conciliet</span> <span class='ocrx_word' id='word_1_395' title='bbox 932 2586 988 2604; x_wconf 66' lang='lat' dir='ltr'>ca*-</span> 
     </span>
     <span class='ocr_line' id='line_1_57' title="bbox 160 2613 987 2653; baseline -0.002 -6"><span class='ocrx_word' id='word_1_396' title='bbox 160 2617 230 2647; x_wconf 86' lang='lat' dir='ltr'>teris</span> <span class='ocrx_word' id='word_1_397' title='bbox 245 2617 461 2653; x_wconf 76' lang='lat' dir='ltr'>animantibus,</span> <span class='ocrx_word' id='word_1_398' title='bbox 476 2614 649 2645; x_wconf 78' lang='lat' dir='ltr'>conciliatos</span> <span class='ocrx_word' id='word_1_399' title='bbox 664 2613 786 2644; x_wconf 87' lang='lat' dir='ltr'>aliunde</span> <span class='ocrx_word' id='word_1_400' title='bbox 803 2616 987 2645; x_wconf 85' lang='lat' dir='ltr'>numinibus.</span> 
     </span>
     <span class='ocr_line' id='line_1_58' title="bbox 161 2656 989 2702; baseline -0.002 -12"><span class='ocrx_word' id='word_1_401' title='bbox 161 2661 231 2690; x_wconf 85' lang='lat' dir='ltr'>Hoc</span> <span class='ocrx_word' id='word_1_402' title='bbox 242 2660 305 2702; x_wconf 89' lang='lat' dir='ltr'>jam</span> <span class='ocrx_word' id='word_1_403' title='bbox 323 2659 444 2701; x_wconf 83' lang='lat' dir='ltr'>vigente</span> <span class='ocrx_word' id='word_1_404' title='bbox 456 2657 667 2693; x_wconf 83' lang='lat' dir='ltr'>communiter,</span> <span class='ocrx_word' id='word_1_405' title='bbox 680 2656 793 2687; x_wconf 83' lang='lat' dir='ltr'>accedit</span> <span class='ocrx_word' id='word_1_406' title='bbox 810 2657 838 2687; x_wconf 93' lang='lat' dir='ltr'>in</span> <span class='ocrx_word' id='word_1_407' title='bbox 853 2658 939 2687; x_wconf 89' lang='lat' dir='ltr'>nobis</span> <span class='ocrx_word' id='word_1_408' title='bbox 950 2658 989 2688; x_wconf 87' lang='lat' dir='ltr'>ad</span> 
     </span>
    </p>
   </div>
   <div class='ocr_carea' id='block_1_3' title="bbox 1774 150 1851 200">
    <p class='ocr_par' dir='ltr' id='par_1_3' title="bbox 1774 150 1851 200">
     <span class='ocr_line' id='line_1_59' title="bbox 1774 150 1851 200; baseline 0 -12"><span class='ocrx_word' id='word_1_409' title='bbox 1774 150 1851 200; x_wconf 84' lang='lat'>683</span> 
     </span>
    </p>
   </div>
   <div class='ocr_carea' id='block_1_4' title="bbox 1016 247 1854 495">
    <p class='ocr_par' dir='ltr' id='par_1_4' title="bbox 1016 247 1854 495">
     <span class='ocr_line' id='line_1_60' title="bbox 1018 247 1854 288; baseline -0.006 -8"><span class='ocrx_word' id='word_1_410' title='bbox 1018 250 1127 280; x_wconf 80' lang='lat' dir='ltr'>foetum</span> <span class='ocrx_word' id='word_1_411' title='bbox 1156 247 1309 279; x_wconf 86' lang='lat' dir='ltr'>rationalis</span> <span class='ocrx_word' id='word_1_412' title='bbox 1336 247 1455 277; x_wconf 85' lang='lat' dir='ltr'>anima:</span> <span class='ocrx_word' id='word_1_413' title='bbox 1490 254 1582 288; x_wconf 85' lang='lat' dir='ltr'>atque</span> <span class='ocrx_word' id='word_1_414' title='bbox 1613 247 1669 277; x_wconf 79' lang='lat' dir='ltr'>sub</span> <span class='ocrx_word' id='word_1_415' title='bbox 1694 248 1750 278; x_wconf 79' lang='lat' dir='ltr'>lioc</span> <span class='ocrx_word' id='word_1_416' title='bbox 1773 258 1854 277; x_wconf 88' lang='lat' dir='ltr'>com-</span> 
     </span>
     <span class='ocr_line' id='line_1_61' title="bbox 1017 289 1852 332; baseline -0.004 -10"><span class='ocrx_word' id='word_1_417' title='bbox 1017 292 1103 322; x_wconf 91' lang='lat' dir='ltr'>muni</span> <span class='ocrx_word' id='word_1_418' title='bbox 1118 291 1234 321; x_wconf 90' lang='lat' dir='ltr'>lumine</span> <span class='ocrx_word' id='word_1_419' title='bbox 1250 290 1315 332; x_wconf 86' lang='lat' dir='ltr'>ipsa</span> <span class='ocrx_word' id='word_1_420' title='bbox 1333 289 1475 331; x_wconf 87' lang='lat' dir='ltr'>deinceps</span> <span class='ocrx_word' id='word_1_421' title='bbox 1492 289 1593 319; x_wconf 89' lang='lat' dir='ltr'>lumen</span> <span class='ocrx_word' id='word_1_422' title='bbox 1613 290 1744 330; x_wconf 75' lang='lat' dir='ltr'>propriae</span> <span class='ocrx_word' id='word_1_423' title='bbox 1759 301 1852 331; x_wconf 89' lang='lat' dir='ltr'>pecu-</span> 
     </span>
     <span class='ocr_line' id='line_1_62' title="bbox 1017 332 1852 377; baseline -0.004 -12"><span class='ocrx_word' id='word_1_424' title='bbox 1017 335 1160 377; x_wconf 84' lang='lat' dir='ltr'>liarisque</span> <span class='ocrx_word' id='word_1_425' title='bbox 1186 333 1256 364; x_wconf 83' lang='lat' dir='ltr'>vitae</span> <span class='ocrx_word' id='word_1_426' title='bbox 1283 332 1430 363; x_wconf 87' lang='lat' dir='ltr'>diffundit</span> <span class='ocrx_word' id='word_1_427' title='bbox 1456 332 1485 361; x_wconf 93' lang='lat' dir='ltr'>in</span> <span class='ocrx_word' id='word_1_428' title='bbox 1510 343 1631 372; x_wconf 83' lang='lat' dir='ltr'>corpus,</span> <span class='ocrx_word' id='word_1_429' title='bbox 1655 332 1739 372; x_wconf 90' lang='lat' dir='ltr'>quod</span> <span class='ocrx_word' id='word_1_430' title='bbox 1763 340 1792 362; x_wconf 89' lang='lat' dir='ltr'>et</span> <span class='ocrx_word' id='word_1_431' title='bbox 1822 332 1852 362; x_wconf 93' lang='lat' dir='ltr'>in</span> 
     </span>
     <span class='ocr_line' id='line_1_63' title="bbox 1016 374 1854 419; baseline -0.007 -10"><span class='ocrx_word' id='word_1_432' title='bbox 1016 378 1103 409; x_wconf 89' lang='lat' dir='ltr'>obitu</span> <span class='ocrx_word' id='word_1_433' title='bbox 1129 377 1194 419; x_wconf 85' lang='lat' dir='ltr'>ipsa</span> <span class='ocrx_word' id='word_1_434' title='bbox 1215 387 1317 407; x_wconf 87' lang='lat' dir='ltr'>secum</span> <span class='ocrx_word' id='word_1_435' title='bbox 1337 374 1497 405; x_wconf 87' lang='lat' dir='ltr'>contrahat</span> <span class='ocrx_word' id='word_1_436' title='bbox 1517 374 1687 416; x_wconf 86' lang='lat' dir='ltr'>proprium,</span> <span class='ocrx_word' id='word_1_437' title='bbox 1709 374 1854 415; x_wconf 81' lang='lat' dir='ltr'>quemad-</span> 
     </span>
     <span class='ocr_line' id='line_1_64' title="bbox 1018 418 1854 458; baseline -0.007 -7"><span class='ocrx_word' id='word_1_438' title='bbox 1018 421 1144 451; x_wconf 88' lang='lat' dir='ltr'>modum</span> <span class='ocrx_word' id='word_1_439' title='bbox 1166 427 1196 450; x_wconf 87' lang='lat' dir='ltr'>et</span> <span class='ocrx_word' id='word_1_440' title='bbox 1218 418 1325 449; x_wconf 89' lang='lat' dir='ltr'>mundi</span> <span class='ocrx_word' id='word_1_441' title='bbox 1342 418 1441 448; x_wconf 88' lang='lat' dir='ltr'>anima</span> <span class='ocrx_word' id='word_1_442' title='bbox 1463 428 1565 453; x_wconf 89' lang='lat' dir='ltr'>suum,</span> <span class='ocrx_word' id='word_1_443' title='bbox 1581 424 1674 458; x_wconf 85' lang='lat' dir='ltr'>atque</span> <span class='ocrx_word' id='word_1_444' title='bbox 1695 428 1854 447; x_wconf 87' lang='lat' dir='ltr'>commune</span> 
     </span>
     <span class='ocr_line' id='line_1_65' title="bbox 1018 471 1185 495; baseline -0.018 0"><span class='ocrx_word' id='word_1_445' title='bbox 1018 471 1185 495; x_wconf 84' lang='lat' dir='ltr'>conservat.</span> 
     </span>
    </p>
   </div>
   <div class='ocr_carea' id='block_1_5' title="bbox 1019 546 1856 666">
    <p class='ocr_par' dir='ltr' id='par_1_5' title="bbox 1019 546 1856 666">
     <span class='ocr_line' id='line_1_66' title="bbox 1019 546 1856 583; baseline -0.008 -5"><span class='ocrx_word' id='word_1_446' title='bbox 1019 552 1091 582; x_wconf 71' lang='lat' dir='ltr'>Quot</span> <span class='ocrx_word' id='word_1_447' title='bbox 1119 551 1202 578; x_wconf 71' lang='lat' dir='ltr'>modis</span> <span class='ocrx_word' id='word_1_448' title='bbox 1229 551 1378 576; x_wconf 76' lang='lat' dir='ltr'>insinuetur</span> <span class='ocrx_word' id='word_1_449' title='bbox 1405 549 1496 575; x_wconf 71' lang='lat' dir='ltr'>(mima</span> <span class='ocrx_word' id='word_1_450' title='bbox 1525 548 1637 583; x_wconf 76' lang='lat' dir='ltr'>corpori,</span> <span class='ocrx_word' id='word_1_451' title='bbox 1664 550 1689 573; x_wconf 74' lang='lat' dir='ltr'>et</span> <span class='ocrx_word' id='word_1_452' title='bbox 1717 546 1801 581; x_wconf 76' lang='lat' dir='ltr'>qualis</span> <span class='ocrx_word' id='word_1_453' title='bbox 1823 547 1856 572; x_wconf 71' lang='lat' dir='ltr'>sit</span> 
     </span>
     <span class='ocr_line' id='line_1_67' title="bbox 1058 588 1853 626; baseline -0.008 -8"><span class='ocrx_word' id='word_1_454' title='bbox 1058 592 1147 618; x_wconf 78' lang='lat' dir='ltr'>(mima</span> <span class='ocrx_word' id='word_1_455' title='bbox 1160 591 1260 622; x_wconf 75' lang='lat' dir='ltr'>mundi,</span> <span class='ocrx_word' id='word_1_456' title='bbox 1276 594 1301 617; x_wconf 71' lang='lat' dir='ltr'>et</span> <span class='ocrx_word' id='word_1_457' title='bbox 1316 588 1545 626; x_wconf 73' lang='lat' dir='ltr'>quomodosariat</span> <span class='ocrx_word' id='word_1_458' title='bbox 1560 589 1696 618; x_wconf 77' lang='lat' dir='ltr'>mnndum,</span> <span class='ocrx_word' id='word_1_459' title='bbox 1712 591 1737 613; x_wconf 81' lang='lat' dir='ltr'>et</span> <span class='ocrx_word' id='word_1_460' title='bbox 1752 588 1853 613; x_wconf 79' lang='lat' dir='ltr'>‹limen-</span> 
     </span>
     <span class='ocr_line' id='line_1_68' title="bbox 1057 629 1587 666; baseline -0.009 -7"><span class='ocrx_word' id='word_1_461' title='bbox 1057 634 1155 659; x_wconf 77' lang='lat' dir='ltr'>sionem</span> <span class='ocrx_word' id='word_1_462' title='bbox 1171 631 1234 666; x_wconf 69' lang='lat' dir='ltr'>ejus,</span> <span class='ocrx_word' id='word_1_463' title='bbox 1251 635 1276 657; x_wconf 74' lang='lat' dir='ltr'>et</span> <span class='ocrx_word' id='word_1_464' title='bbox 1292 631 1420 666; x_wconf 75' lang='lat' dir='ltr'>quomodo</span> <span class='ocrx_word' id='word_1_465' title='bbox 1435 630 1468 656; x_wconf 73' lang='lat' dir='ltr'>sit</span> <span class='ocrx_word' id='word_1_466' title='bbox 1484 629 1587 664; x_wconf 74' lang='lat' dir='ltr'>ubique.</span> 
     </span>
    </p>
   </div>
   <div class='ocr_carea' id='block_1_6' title="bbox 1019 678 1865 2700">
    <p class='ocr_par' dir='ltr' id='par_1_6' title="bbox 1019 678 1865 2700">
     <span class='ocr_line' id='line_1_69' title="bbox 1063 678 1854 724; baseline -0.008 -10"><span class='ocrx_word' id='word_1_467' title='bbox 1063 684 1100 714; x_wconf 93' lang='lat' dir='ltr'>In</span> <span class='ocrx_word' id='word_1_468' title='bbox 1117 682 1215 724; x_wconf 83' lang='lat' dir='ltr'>capite</span> <span class='ocrx_word' id='word_1_469' title='bbox 1230 681 1299 712; x_wconf 88' lang='lat' dir='ltr'>libri</span> <span class='ocrx_word' id='word_1_470' title='bbox 1317 692 1407 718; x_wconf 89' lang='lat' dir='ltr'>nono,</span> <span class='ocrx_word' id='word_1_471' title='bbox 1425 680 1480 710; x_wconf 89' lang='lat' dir='ltr'>ubi</span> <span class='ocrx_word' id='word_1_472' title='bbox 1494 679 1628 710; x_wconf 87' lang='lat' dir='ltr'>secunda</span> <span class='ocrx_word' id='word_1_473' title='bbox 1649 678 1754 719; x_wconf 85' lang='lat' dir='ltr'>incipit</span> <span class='ocrx_word' id='word_1_474' title='bbox 1769 690 1854 720; x_wconf 70' lang='lat' dir='ltr'>qure-</span> 
     </span>
     <span class='ocr_line' id='line_1_70' title="bbox 1019 721 1856 768; baseline -0.008 -11"><span class='ocrx_word' id='word_1_475' title='bbox 1019 726 1087 763; x_wconf 89' lang='lat' dir='ltr'>stio,</span> <span class='ocrx_word' id='word_1_476' title='bbox 1117 725 1273 768; x_wconf 87' lang='lat' dir='ltr'>quomodo</span> <span class='ocrx_word' id='word_1_477' title='bbox 1297 724 1470 754; x_wconf 82' lang='lat' dir='ltr'>insinuatur</span> <span class='ocrx_word' id='word_1_478' title='bbox 1499 723 1601 752; x_wconf 82' lang='lat' dir='ltr'>anima</span> <span class='ocrx_word' id='word_1_479' title='bbox 1629 721 1768 763; x_wconf 85' lang='lat' dir='ltr'>corpori:</span> <span class='ocrx_word' id='word_1_480' title='bbox 1794 721 1856 751; x_wconf 86' lang='lat' dir='ltr'>ani-</span> 
     </span>
     <span class='ocr_line' id='line_1_71' title="bbox 1019 764 1856 809; baseline -0.007 -9"><span class='ocrx_word' id='word_1_481' title='bbox 1019 769 1191 800; x_wconf 84' lang='lat' dir='ltr'>madvertes</span> <span class='ocrx_word' id='word_1_482' title='bbox 1206 768 1328 799; x_wconf 90' lang='lat' dir='ltr'>duobus</span> <span class='ocrx_word' id='word_1_483' title='bbox 1338 767 1368 797; x_wconf 92' lang='lat' dir='ltr'>in</span> <span class='ocrx_word' id='word_1_484' title='bbox 1383 766 1489 809; x_wconf 88' lang='lat' dir='ltr'>primis</span> <span class='ocrx_word' id='word_1_485' title='bbox 1504 765 1534 795; x_wconf 92' lang='lat' dir='ltr'>id</span> <span class='ocrx_word' id='word_1_486' title='bbox 1551 765 1614 796; x_wconf 88' lang='lat' dir='ltr'>fieri</span> <span class='ocrx_word' id='word_1_487' title='bbox 1631 764 1738 795; x_wconf 89' lang='lat' dir='ltr'>modis.</span> <span class='ocrx_word' id='word_1_488' title='bbox 1776 765 1856 794; x_wconf 88' lang='lat' dir='ltr'>Nam</span> 
     </span>
     <span class='ocr_line' id='line_1_72' title="bbox 1019 807 1855 853; baseline -0.007 -10"><span class='ocrx_word' id='word_1_489' title='bbox 1019 820 1073 843; x_wconf 90' lang='lat' dir='ltr'>aut</span> <span class='ocrx_word' id='word_1_490' title='bbox 1092 813 1130 843; x_wconf 88' lang='lat' dir='ltr'>ab</span> <span class='ocrx_word' id='word_1_491' title='bbox 1154 812 1332 853; x_wconf 88' lang='lat' dir='ltr'>incorporeo</span> <span class='ocrx_word' id='word_1_492' title='bbox 1351 816 1444 846; x_wconf 82' lang='lat' dir='ltr'>statu,</span> <span class='ocrx_word' id='word_1_493' title='bbox 1461 816 1514 839; x_wconf 91' lang='lat' dir='ltr'>aut</span> <span class='ocrx_word' id='word_1_494' title='bbox 1538 821 1555 839; x_wconf 87' lang='lat' dir='ltr'>a</span> <span class='ocrx_word' id='word_1_495' title='bbox 1578 820 1704 850; x_wconf 88' lang='lat' dir='ltr'>corpore</span> <span class='ocrx_word' id='word_1_496' title='bbox 1721 807 1802 838; x_wconf 86' lang='lat' dir='ltr'>venit</span> <span class='ocrx_word' id='word_1_497' title='bbox 1825 807 1855 837; x_wconf 90' lang='lat' dir='ltr'>in</span> 
     </span>
     <span class='ocr_line' id='line_1_73' title="bbox 1020 850 1858 897; baseline -0.006 -11"><span class='ocrx_word' id='word_1_498' title='bbox 1020 867 1141 897; x_wconf 86' lang='lat' dir='ltr'>corpus.</span> <span class='ocrx_word' id='word_1_499' title='bbox 1188 856 1232 885; x_wconf 88' lang='lat' dir='ltr'>Et</span> <span class='ocrx_word' id='word_1_500' title='bbox 1262 854 1319 884; x_wconf 90' lang='lat' dir='ltr'>hoc</span> <span class='ocrx_word' id='word_1_501' title='bbox 1349 853 1474 895; x_wconf 89' lang='lat' dir='ltr'>quidem</span> <span class='ocrx_word' id='word_1_502' title='bbox 1504 851 1671 882; x_wconf 87' lang='lat' dir='ltr'>secundum</span> <span class='ocrx_word' id='word_1_503' title='bbox 1703 850 1858 881; x_wconf 83' lang='lat' dir='ltr'>divisionis</span> 
     </span>
     <span class='ocr_line' id='line_1_74' title="bbox 1021 893 1856 939; baseline -0.007 -10"><span class='ocrx_word' id='word_1_504' title='bbox 1021 899 1192 929; x_wconf 89' lang='lat' dir='ltr'>membrum</span> <span class='ocrx_word' id='word_1_505' title='bbox 1210 898 1239 928; x_wconf 91' lang='lat' dir='ltr'>in</span> <span class='ocrx_word' id='word_1_506' title='bbox 1256 904 1390 939; x_wconf 84' lang='lat' dir='ltr'>quatuor</span> <span class='ocrx_word' id='word_1_507' title='bbox 1405 896 1514 926; x_wconf 86' lang='lat' dir='ltr'>iterum</span> <span class='ocrx_word' id='word_1_508' title='bbox 1533 895 1669 925; x_wconf 88' lang='lat' dir='ltr'>membra</span> <span class='ocrx_word' id='word_1_509' title='bbox 1690 893 1856 924; x_wconf 87' lang='lat' dir='ltr'>dividitur:</span> 
     </span>
     <span class='ocr_line' id='line_1_75' title="bbox 1022 936 1858 984; baseline -0.007 -12"><span class='ocrx_word' id='word_1_510' title='bbox 1022 953 1131 984; x_wconf 87' lang='lat' dir='ltr'>nempe</span> <span class='ocrx_word' id='word_1_511' title='bbox 1144 949 1197 972; x_wconf 87' lang='lat' dir='ltr'>aut</span> <span class='ocrx_word' id='word_1_512' title='bbox 1213 952 1231 971; x_wconf 87' lang='lat' dir='ltr'>a</span> <span class='ocrx_word' id='word_1_513' title='bbox 1246 939 1364 982; x_wconf 85' lang='lat' dir='ltr'>liquido</span> <span class='ocrx_word' id='word_1_514' title='bbox 1379 950 1505 981; x_wconf 86' lang='lat' dir='ltr'>corpore</span> <span class='ocrx_word' id='word_1_515' title='bbox 1521 938 1626 969; x_wconf 84' lang='lat' dir='ltr'>transit</span> <span class='ocrx_word' id='word_1_516' title='bbox 1648 937 1677 967; x_wconf 93' lang='lat' dir='ltr'>in</span> <span class='ocrx_word' id='word_1_517' title='bbox 1695 936 1858 978; x_wconf 77' lang='lat' dir='ltr'>liquidum,</span> 
     </span>
     <span class='ocr_line' id='line_1_76' title="bbox 1022 980 1859 1026; baseline -0.007 -11"><span class='ocrx_word' id='word_1_518' title='bbox 1022 993 1075 1015; x_wconf 86' lang='lat' dir='ltr'>aut</span> <span class='ocrx_word' id='word_1_519' title='bbox 1097 996 1114 1015; x_wconf 88' lang='lat' dir='ltr'>a</span> <span class='ocrx_word' id='word_1_520' title='bbox 1136 983 1254 1026; x_wconf 88' lang='lat' dir='ltr'>liquido</span> <span class='ocrx_word' id='word_1_521' title='bbox 1272 983 1302 1013; x_wconf 92' lang='lat' dir='ltr'>in</span> <span class='ocrx_word' id='word_1_522' title='bbox 1326 982 1470 1018; x_wconf 86' lang='lat' dir='ltr'>solidum,</span> <span class='ocrx_word' id='word_1_523' title='bbox 1487 989 1540 1012; x_wconf 85' lang='lat' dir='ltr'>aut</span> <span class='ocrx_word' id='word_1_524' title='bbox 1563 993 1581 1011; x_wconf 85' lang='lat' dir='ltr'>a</span> <span class='ocrx_word' id='word_1_525' title='bbox 1604 980 1699 1011; x_wconf 87' lang='lat' dir='ltr'>solido</span> <span class='ocrx_word' id='word_1_526' title='bbox 1722 980 1752 1010; x_wconf 87' lang='lat' dir='ltr'>in</span> <span class='ocrx_word' id='word_1_527' title='bbox 1775 980 1859 1010; x_wconf 85' lang='lat' dir='ltr'>aliud</span> 
     </span>
     <span class='ocr_line' id='line_1_77' title="bbox 1023 1023 1858 1066; baseline -0.006 -8"><span class='ocrx_word' id='word_1_528' title='bbox 1023 1028 1166 1064; x_wconf 89' lang='lat' dir='ltr'>solidum,</span> <span class='ocrx_word' id='word_1_529' title='bbox 1184 1027 1231 1057; x_wconf 75' lang='lat' dir='ltr'>vel</span> <span class='ocrx_word' id='word_1_530' title='bbox 1254 1038 1272 1056; x_wconf 84' lang='lat' dir='ltr'>a</span> <span class='ocrx_word' id='word_1_531' title='bbox 1295 1026 1390 1056; x_wconf 91' lang='lat' dir='ltr'>solido</span> <span class='ocrx_word' id='word_1_532' title='bbox 1413 1037 1518 1055; x_wconf 85' lang='lat' dir='ltr'>rursus</span> <span class='ocrx_word' id='word_1_533' title='bbox 1540 1025 1569 1054; x_wconf 89' lang='lat' dir='ltr'>in</span> <span class='ocrx_word' id='word_1_534' title='bbox 1587 1023 1750 1066; x_wconf 87' lang='lat' dir='ltr'>liquidum.</span> <span class='ocrx_word' id='word_1_535' title='bbox 1799 1023 1858 1053; x_wconf 89' lang='lat' dir='ltr'>Ubi</span> 
     </span>
     <span class='ocr_line' id='line_1_78' title="bbox 1023 1067 1860 1111; baseline -0.007 -10"><span class='ocrx_word' id='word_1_536' title='bbox 1023 1071 1152 1106; x_wconf 84' lang='lat' dir='ltr'>notabis,</span> <span class='ocrx_word' id='word_1_537' title='bbox 1167 1071 1189 1100; x_wconf 91' lang='lat' dir='ltr'>si</span> <span class='ocrx_word' id='word_1_538' title='bbox 1205 1069 1331 1111; x_wconf 85' lang='lat' dir='ltr'>quando</span> <span class='ocrx_word' id='word_1_539' title='bbox 1346 1080 1382 1099; x_wconf 83' lang='lat' dir='ltr'>ex</span> <span class='ocrx_word' id='word_1_540' title='bbox 1402 1068 1514 1098; x_wconf 88' lang='lat' dir='ltr'>Plotini</span> <span class='ocrx_word' id='word_1_541' title='bbox 1531 1067 1678 1098; x_wconf 86' lang='lat' dir='ltr'>sententia</span> <span class='ocrx_word' id='word_1_542' title='bbox 1689 1078 1779 1096; x_wconf 89' lang='lat' dir='ltr'>omne</span> <span class='ocrx_word' id='word_1_543' title='bbox 1796 1077 1860 1096; x_wconf 85' lang='lat' dir='ltr'>cor-</span> 
     </span>
     <span class='ocr_line' id='line_1_79' title="bbox 1023 1111 1858 1156; baseline -0.007 -12"><span class='ocrx_word' id='word_1_544' title='bbox 1023 1126 1082 1156; x_wconf 90' lang='lat' dir='ltr'>pus</span> <span class='ocrx_word' id='word_1_545' title='bbox 1105 1125 1217 1144; x_wconf 86' lang='lat' dir='ltr'>exuere</span> <span class='ocrx_word' id='word_1_546' title='bbox 1237 1112 1341 1155; x_wconf 88' lang='lat' dir='ltr'>possit,</span> <span class='ocrx_word' id='word_1_547' title='bbox 1366 1111 1530 1153; x_wconf 82' lang='lat' dir='ltr'>excogitari</span> <span class='ocrx_word' id='word_1_548' title='bbox 1555 1122 1641 1152; x_wconf 86' lang='lat' dir='ltr'>posse</span> <span class='ocrx_word' id='word_1_549' title='bbox 1665 1121 1783 1150; x_wconf 91' lang='lat' dir='ltr'>semper</span> <span class='ocrx_word' id='word_1_550' title='bbox 1805 1121 1858 1139; x_wconf 77' lang='lat' dir='ltr'>ex-</span> 
     </span>
     <span class='ocr_line' id='line_1_80' title="bbox 1025 1152 1859 1199; baseline -0.006 -12"><span class='ocrx_word' id='word_1_551' title='bbox 1025 1166 1071 1188; x_wconf 83' lang='lat' dir='ltr'>tra</span> <span class='ocrx_word' id='word_1_552' title='bbox 1100 1168 1211 1199; x_wconf 88' lang='lat' dir='ltr'>corpus</span> <span class='ocrx_word' id='word_1_553' title='bbox 1238 1168 1300 1186; x_wconf 87' lang='lat' dir='ltr'>esse</span> <span class='ocrx_word' id='word_1_554' title='bbox 1325 1155 1487 1186; x_wconf 87' lang='lat' dir='ltr'>victuram.</span> <span class='ocrx_word' id='word_1_555' title='bbox 1534 1153 1625 1191; x_wconf 78' lang='lat' dir='ltr'>Quod</span> <span class='ocrx_word' id='word_1_556' title='bbox 1652 1161 1681 1183; x_wconf 89' lang='lat' dir='ltr'>et</span> <span class='ocrx_word' id='word_1_557' title='bbox 1711 1153 1800 1183; x_wconf 79' lang='lat' dir='ltr'>Plato</span> <span class='ocrx_word' id='word_1_558' title='bbox 1829 1152 1859 1182; x_wconf 94' lang='lat' dir='ltr'>in</span> 
     </span>
     <span class='ocr_line' id='line_1_81' title="bbox 1026 1196 1860 1240; baseline -0.007 -9"><span class='ocrx_word' id='word_1_559' title='bbox 1026 1200 1182 1231; x_wconf 65' lang='lat' dir='ltr'>Plizedone</span> <span class='ocrx_word' id='word_1_560' title='bbox 1201 1199 1366 1240; x_wconf 81' lang='lat' dir='ltr'>significat:</span> <span class='ocrx_word' id='word_1_561' title='bbox 1393 1206 1422 1228; x_wconf 93' lang='lat' dir='ltr'>et</span> <span class='ocrx_word' id='word_1_562' title='bbox 1447 1197 1639 1239; x_wconf 79' lang='lat' dir='ltr'>Porphyrius</span> <span class='ocrx_word' id='word_1_563' title='bbox 1662 1203 1755 1237; x_wconf 88' lang='lat' dir='ltr'>atque</span> <span class='ocrx_word' id='word_1_564' title='bbox 1780 1196 1860 1225; x_wconf 91' lang='lat' dir='ltr'>Iam-</span> 
     </span>
     <span class='ocr_line' id='line_1_82' title="bbox 1022 1238 1859 1284; baseline -0.007 -10"><span class='ocrx_word' id='word_1_565' title='bbox 1022 1243 1143 1274; x_wconf 87' lang='lat' dir='ltr'>blichus</span> <span class='ocrx_word' id='word_1_566' title='bbox 1155 1242 1357 1284; x_wconf 83' lang='lat' dir='ltr'>suspicantur.</span> <span class='ocrx_word' id='word_1_567' title='bbox 1399 1241 1450 1271; x_wconf 86' lang='lat' dir='ltr'>Sin</span> <span class='ocrx_word' id='word_1_568' title='bbox 1464 1246 1578 1277; x_wconf 85' lang='lat' dir='ltr'>autem,</span> <span class='ocrx_word' id='word_1_569' title='bbox 1591 1247 1624 1270; x_wconf 89' lang='lat' dir='ltr'>ut</span> <span class='ocrx_word' id='word_1_570' title='bbox 1640 1239 1681 1269; x_wconf 87' lang='lat' dir='ltr'>ait</span> <span class='ocrx_word' id='word_1_571' title='bbox 1698 1238 1859 1275; x_wconf 82' lang='lat' dir='ltr'>Proculus,</span> 
     </span>
     <span class='ocr_line' id='line_1_83' title="bbox 1025 1285 1859 1328; baseline -0.007 -11"><span class='ocrx_word' id='word_1_572' title='bbox 1025 1298 1143 1328; x_wconf 88' lang='lat' dir='ltr'>semper</span> <span class='ocrx_word' id='word_1_573' title='bbox 1167 1295 1212 1316; x_wconf 86' lang='lat' dir='ltr'>est</span> <span class='ocrx_word' id='word_1_574' title='bbox 1234 1285 1264 1315; x_wconf 90' lang='lat' dir='ltr'>in</span> <span class='ocrx_word' id='word_1_575' title='bbox 1290 1285 1393 1326; x_wconf 89' lang='lat' dir='ltr'>aliquo</span> <span class='ocrx_word' id='word_1_576' title='bbox 1419 1295 1556 1326; x_wconf 85' lang='lat' dir='ltr'>corpore,</span> <span class='ocrx_word' id='word_1_577' title='bbox 1582 1289 1727 1325; x_wconf 84' lang='lat' dir='ltr'>poterunt</span> <span class='ocrx_word' id='word_1_578' title='bbox 1756 1293 1859 1312; x_wconf 86' lang='lat' dir='ltr'>conse-</span> 
     </span>
     <span class='ocr_line' id='line_1_84' title="bbox 1024 1325 1860 1371; baseline -0.007 -11"><span class='ocrx_word' id='word_1_579' title='bbox 1024 1337 1154 1371; x_wconf 88' lang='lat' dir='ltr'>quenter</span> <span class='ocrx_word' id='word_1_580' title='bbox 1167 1328 1241 1370; x_wconf 78' lang='lat' dir='ltr'>fingi</span> <span class='ocrx_word' id='word_1_581' title='bbox 1252 1327 1472 1358; x_wconf 79' lang='lat' dir='ltr'>vicissitudines</span> <span class='ocrx_word' id='word_1_582' title='bbox 1484 1337 1645 1368; x_wconf 87' lang='lat' dir='ltr'>corporum</span> <span class='ocrx_word' id='word_1_583' title='bbox 1660 1325 1860 1366; x_wconf 78' lang='lat' dir='ltr'>sempiternae.</span> 
     </span>
     <span class='ocr_line' id='line_1_85' title="bbox 1026 1367 1862 1413; baseline -0.007 -10"><span class='ocrx_word' id='word_1_584' title='bbox 1026 1374 1071 1403; x_wconf 91' lang='lat' dir='ltr'>Ut</span> <span class='ocrx_word' id='word_1_585' title='bbox 1095 1380 1196 1402; x_wconf 87' lang='lat' dir='ltr'>autem</span> <span class='ocrx_word' id='word_1_586' title='bbox 1220 1382 1395 1413; x_wconf 84' lang='lat' dir='ltr'>cognoscas,</span> <span class='ocrx_word' id='word_1_587' title='bbox 1412 1370 1569 1411; x_wconf 87' lang='lat' dir='ltr'>quomodo</span> <span class='ocrx_word' id='word_1_588' title='bbox 1590 1369 1691 1399; x_wconf 82' lang='lat' dir='ltr'>anima</span> <span class='ocrx_word' id='word_1_589' title='bbox 1714 1375 1777 1404; x_wconf 86' lang='lat' dir='ltr'>tua,</span> <span class='ocrx_word' id='word_1_590' title='bbox 1801 1367 1862 1397; x_wconf 91' lang='lat' dir='ltr'>imo</span> 
     </span>
     <span class='ocr_line' id='line_1_86' title="bbox 1025 1410 1863 1457; baseline -0.007 -11"><span class='ocrx_word' id='word_1_591' title='bbox 1025 1415 1121 1457; x_wconf 89' lang='lat' dir='ltr'>prius,</span> <span class='ocrx_word' id='word_1_592' title='bbox 1153 1414 1309 1456; x_wconf 90' lang='lat' dir='ltr'>quomodo</span> <span class='ocrx_word' id='word_1_593' title='bbox 1338 1412 1446 1443; x_wconf 88' lang='lat' dir='ltr'>mundi</span> <span class='ocrx_word' id='word_1_594' title='bbox 1476 1412 1575 1442; x_wconf 85' lang='lat' dir='ltr'>anima</span> <span class='ocrx_word' id='word_1_595' title='bbox 1606 1424 1661 1441; x_wconf 86' lang='lat' dir='ltr'>suo</span> <span class='ocrx_word' id='word_1_596' title='bbox 1691 1410 1863 1441; x_wconf 85' lang='lat' dir='ltr'>insinuetur</span> 
     </span>
     <span class='ocr_line' id='line_1_87' title="bbox 1025 1454 1861 1500; baseline -0.006 -11"><span class='ocrx_word' id='word_1_597' title='bbox 1025 1458 1155 1500; x_wconf 80' lang='lat' dir='ltr'>corpori,</span> <span class='ocrx_word' id='word_1_598' title='bbox 1172 1458 1272 1499; x_wconf 82' lang='lat' dir='ltr'>cogita</span> <span class='ocrx_word' id='word_1_599' title='bbox 1294 1457 1325 1486; x_wconf 91' lang='lat' dir='ltr'>in</span> <span class='ocrx_word' id='word_1_600' title='bbox 1345 1457 1445 1486; x_wconf 89' lang='lat' dir='ltr'>anima</span> <span class='ocrx_word' id='word_1_601' title='bbox 1467 1455 1573 1485; x_wconf 90' lang='lat' dir='ltr'>mundi</span> <span class='ocrx_word' id='word_1_602' title='bbox 1590 1455 1650 1485; x_wconf 85' lang='lat' dir='ltr'>vim</span> <span class='ocrx_word' id='word_1_603' title='bbox 1672 1454 1861 1484; x_wconf 84' lang='lat' dir='ltr'>intellectua-</span> 
     </span>
     <span class='ocr_line' id='line_1_88' title="bbox 1025 1496 1860 1543; baseline -0.006 -12"><span class='ocrx_word' id='word_1_604' title='bbox 1025 1501 1083 1531; x_wconf 87' lang='lat' dir='ltr'>lem</span> <span class='ocrx_word' id='word_1_605' title='bbox 1108 1502 1184 1543; x_wconf 85' lang='lat' dir='ltr'>ejus,</span> <span class='ocrx_word' id='word_1_606' title='bbox 1206 1501 1235 1531; x_wconf 92' lang='lat' dir='ltr'>in</span> <span class='ocrx_word' id='word_1_607' title='bbox 1260 1511 1390 1536; x_wconf 88' lang='lat' dir='ltr'>summo,</span> <span class='ocrx_word' id='word_1_608' title='bbox 1414 1510 1469 1529; x_wconf 87' lang='lat' dir='ltr'>ceu</span> <span class='ocrx_word' id='word_1_609' title='bbox 1493 1498 1607 1534; x_wconf 91' lang='lat' dir='ltr'>lumen,</span> <span class='ocrx_word' id='word_1_610' title='bbox 1631 1496 1806 1528; x_wconf 84' lang='lat' dir='ltr'>rationalem</span> <span class='ocrx_word' id='word_1_611' title='bbox 1831 1497 1860 1527; x_wconf 92' lang='lat' dir='ltr'>in</span> 
     </span>
     <span class='ocr_line' id='line_1_89' title="bbox 1026 1540 1862 1585; baseline -0.006 -11"><span class='ocrx_word' id='word_1_612' title='bbox 1026 1544 1136 1580; x_wconf 86' lang='lat' dir='ltr'>medio,</span> <span class='ocrx_word' id='word_1_613' title='bbox 1161 1551 1195 1574; x_wconf 91' lang='lat' dir='ltr'>ut</span> <span class='ocrx_word' id='word_1_614' title='bbox 1219 1542 1423 1585; x_wconf 88' lang='lat' dir='ltr'>splendorem,</span> <span class='ocrx_word' id='word_1_615' title='bbox 1441 1541 1608 1581; x_wconf 70' lang='lat' dir='ltr'>vegetalem</span> <span class='ocrx_word' id='word_1_616' title='bbox 1633 1541 1661 1570; x_wconf 89' lang='lat' dir='ltr'>in</span> <span class='ocrx_word' id='word_1_617' title='bbox 1686 1540 1802 1576; x_wconf 83' lang='lat' dir='ltr'>infimo,</span> <span class='ocrx_word' id='word_1_618' title='bbox 1828 1548 1862 1571; x_wconf 89' lang='lat' dir='ltr'>ut</span> 
     </span>
     <span class='ocr_line' id='line_1_90' title="bbox 1025 1583 1860 1626; baseline -0.007 -8"><span class='ocrx_word' id='word_1_619' title='bbox 1025 1589 1163 1618; x_wconf 88' lang='lat' dir='ltr'>calorem.</span> <span class='ocrx_word' id='word_1_620' title='bbox 1212 1588 1364 1617; x_wconf 71' lang='lat' dir='ltr'>Praeterea</span> <span class='ocrx_word' id='word_1_621' title='bbox 1390 1585 1467 1615; x_wconf 89' lang='lat' dir='ltr'>circa</span> <span class='ocrx_word' id='word_1_622' title='bbox 1491 1585 1557 1626; x_wconf 74' lang='lat' dir='ltr'>ejus</span> <span class='ocrx_word' id='word_1_623' title='bbox 1579 1583 1737 1614; x_wconf 81' lang='lat' dir='ltr'>essentiam</span> <span class='ocrx_word' id='word_1_624' title='bbox 1762 1583 1860 1613; x_wconf 86' lang='lat' dir='ltr'>consi-</span> 
     </span>
     <span class='ocr_line' id='line_1_91' title="bbox 1025 1626 1861 1670; baseline -0.007 -9"><span class='ocrx_word' id='word_1_625' title='bbox 1025 1630 1098 1661; x_wconf 89' lang='lat' dir='ltr'>dera</span> <span class='ocrx_word' id='word_1_626' title='bbox 1122 1630 1195 1660; x_wconf 89' lang='lat' dir='ltr'>duo.</span> <span class='ocrx_word' id='word_1_627' title='bbox 1242 1630 1380 1660; x_wconf 87' lang='lat' dir='ltr'>Primum</span> <span class='ocrx_word' id='word_1_628' title='bbox 1407 1636 1499 1670; x_wconf 89' lang='lat' dir='ltr'>prout</span> <span class='ocrx_word' id='word_1_629' title='bbox 1520 1628 1585 1669; x_wconf 82' lang='lat' dir='ltr'>ipsa.</span> <span class='ocrx_word' id='word_1_630' title='bbox 1607 1626 1690 1657; x_wconf 88' lang='lat' dir='ltr'>aliud</span> <span class='ocrx_word' id='word_1_631' title='bbox 1714 1626 1861 1666; x_wconf 86' lang='lat' dir='ltr'>quiddam</span> 
     </span>
     <span class='ocr_line' id='line_1_92' title="bbox 1026 1669 1862 1715; baseline -0.007 -11"><span class='ocrx_word' id='word_1_632' title='bbox 1026 1680 1071 1703; x_wconf 86' lang='lat' dir='ltr'>est</span> <span class='ocrx_word' id='word_1_633' title='bbox 1094 1685 1187 1715; x_wconf 87' lang='lat' dir='ltr'>quam</span> <span class='ocrx_word' id='word_1_634' title='bbox 1203 1672 1253 1703; x_wconf 84' lang='lat' dir='ltr'>illa</span> <span class='ocrx_word' id='word_1_635' title='bbox 1270 1672 1347 1702; x_wconf 84' lang='lat' dir='ltr'>tria:</span> <span class='ocrx_word' id='word_1_636' title='bbox 1372 1671 1551 1706; x_wconf 87' lang='lat' dir='ltr'>secundum,</span> <span class='ocrx_word' id='word_1_637' title='bbox 1568 1677 1658 1711; x_wconf 87' lang='lat' dir='ltr'>prout</span> <span class='ocrx_word' id='word_1_638' title='bbox 1681 1669 1778 1699; x_wconf 83' lang='lat' dir='ltr'>tribus</span> <span class='ocrx_word' id='word_1_639' title='bbox 1796 1669 1862 1710; x_wconf 83' lang='lat' dir='ltr'>jam</span> 
     </span>
     <span class='ocr_line' id='line_1_93' title="bbox 1027 1715 1864 1757; baseline -0.006 -10"><span class='ocrx_word' id='word_1_640' title='bbox 1027 1716 1084 1746; x_wconf 90' lang='lat' dir='ltr'>illis</span> <span class='ocrx_word' id='word_1_641' title='bbox 1113 1725 1157 1746; x_wconf 87' lang='lat' dir='ltr'>est</span> <span class='ocrx_word' id='word_1_642' title='bbox 1182 1716 1343 1757; x_wconf 81' lang='lat' dir='ltr'>insignita:</span> <span class='ocrx_word' id='word_1_643' title='bbox 1365 1715 1430 1756; x_wconf 80' lang='lat' dir='ltr'>jam</span> <span class='ocrx_word' id='word_1_644' title='bbox 1454 1725 1525 1743; x_wconf 83' lang='lat' dir='ltr'>vero</span> <span class='ocrx_word' id='word_1_645' title='bbox 1550 1724 1612 1754; x_wconf 88' lang='lat' dir='ltr'>quo</span> <span class='ocrx_word' id='word_1_646' title='bbox 1642 1720 1796 1742; x_wconf 86' lang='lat' dir='ltr'>momento</span> <span class='ocrx_word' id='word_1_647' title='bbox 1819 1719 1864 1742; x_wconf 87' lang='lat' dir='ltr'>est</span> 
     </span>
     <span class='ocr_line' id='line_1_94' title="bbox 1027 1754 1863 1801; baseline -0.006 -12"><span class='ocrx_word' id='word_1_648' title='bbox 1027 1759 1121 1796; x_wconf 88' lang='lat' dir='ltr'>aliud,</span> <span class='ocrx_word' id='word_1_649' title='bbox 1139 1758 1368 1801; x_wconf 85' lang='lat' dir='ltr'>quodammodo</span> <span class='ocrx_word' id='word_1_650' title='bbox 1388 1758 1517 1787; x_wconf 84' lang='lat' dir='ltr'>obscura</span> <span class='ocrx_word' id='word_1_651' title='bbox 1537 1763 1592 1792; x_wconf 84' lang='lat' dir='ltr'>est,</span> <span class='ocrx_word' id='word_1_652' title='bbox 1609 1763 1637 1785; x_wconf 86' lang='lat' dir='ltr'>et</span> <span class='ocrx_word' id='word_1_653' title='bbox 1661 1754 1816 1791; x_wconf 87' lang='lat' dir='ltr'>deformis,</span> <span class='ocrx_word' id='word_1_654' title='bbox 1833 1761 1863 1785; x_wconf 85' lang='lat' dir='ltr'>et</span> 
     </span>
     <span class='ocr_line' id='line_1_95' title="bbox 1028 1797 1862 1844; baseline -0.007 -11"><span class='ocrx_word' id='word_1_655' title='bbox 1028 1802 1151 1844; x_wconf 82' lang='lat' dir='ltr'>frigida,</span> <span class='ocrx_word' id='word_1_656' title='bbox 1167 1802 1296 1832; x_wconf 86' lang='lat' dir='ltr'>obscura</span> <span class='ocrx_word' id='word_1_657' title='bbox 1316 1801 1439 1843; x_wconf 84' lang='lat' dir='ltr'>quidem</span> <span class='ocrx_word' id='word_1_658' title='bbox 1464 1799 1601 1830; x_wconf 86' lang='lat' dir='ltr'>nondum</span> <span class='ocrx_word' id='word_1_659' title='bbox 1623 1798 1737 1828; x_wconf 78' lang='lat' dir='ltr'>liabens</span> <span class='ocrx_word' id='word_1_660' title='bbox 1753 1797 1862 1828; x_wconf 88' lang='lat' dir='ltr'>intelli-</span> 
     </span>
     <span class='ocr_line' id='line_1_96' title="bbox 1029 1841 1864 1884; baseline -0.007 -8"><span class='ocrx_word' id='word_1_661' title='bbox 1029 1845 1140 1884; x_wconf 61' lang='lat' dir='ltr'>gentiae</span> <span class='ocrx_word' id='word_1_662' title='bbox 1164 1845 1281 1875; x_wconf 86' lang='lat' dir='ltr'>lucem:</span> <span class='ocrx_word' id='word_1_663' title='bbox 1308 1843 1452 1874; x_wconf 85' lang='lat' dir='ltr'>deformis</span> <span class='ocrx_word' id='word_1_664' title='bbox 1474 1843 1557 1879; x_wconf 85' lang='lat' dir='ltr'>item,</span> <span class='ocrx_word' id='word_1_665' title='bbox 1579 1841 1715 1871; x_wconf 89' lang='lat' dir='ltr'>nondum</span> <span class='ocrx_word' id='word_1_666' title='bbox 1741 1841 1864 1871; x_wconf 85' lang='lat' dir='ltr'>rationis</span> 
     </span>
     <span class='ocr_line' id='line_1_97' title="bbox 1029 1884 1864 1930; baseline -0.007 -11"><span class='ocrx_word' id='word_1_667' title='bbox 1029 1888 1221 1930; x_wconf 79' lang='lat' dir='ltr'>splendorem</span> <span class='ocrx_word' id='word_1_668' title='bbox 1241 1887 1415 1929; x_wconf 86' lang='lat' dir='ltr'>possidens:</span> <span class='ocrx_word' id='word_1_669' title='bbox 1441 1885 1553 1927; x_wconf 80' lang='lat' dir='ltr'>frigida</span> <span class='ocrx_word' id='word_1_670' title='bbox 1569 1884 1712 1926; x_wconf 80' lang='lat' dir='ltr'>denique,</span> <span class='ocrx_word' id='word_1_671' title='bbox 1729 1895 1788 1914; x_wconf 89' lang='lat' dir='ltr'>non</span> <span class='ocrx_word' id='word_1_672' title='bbox 1809 1884 1864 1914; x_wconf 86' lang='lat' dir='ltr'>ad-</span> 
     </span>
     <span class='ocr_line' id='line_1_98' title="bbox 1030 1927 1864 1973; baseline -0.006 -12"><span class='ocrx_word' id='word_1_673' title='bbox 1030 1931 1089 1961; x_wconf 88' lang='lat' dir='ltr'>huc</span> <span class='ocrx_word' id='word_1_674' title='bbox 1104 1931 1216 1973; x_wconf 87' lang='lat' dir='ltr'>adepta</span> <span class='ocrx_word' id='word_1_675' title='bbox 1233 1930 1376 1972; x_wconf 76' lang='lat' dir='ltr'>vegetalis</span> <span class='ocrx_word' id='word_1_676' title='bbox 1393 1937 1510 1959; x_wconf 72' lang='lat' dir='ltr'>natura&gt;</span> <span class='ocrx_word' id='word_1_677' title='bbox 1521 1928 1702 1958; x_wconf 86' lang='lat' dir='ltr'>fomentum.</span> <span class='ocrx_word' id='word_1_678' title='bbox 1741 1928 1792 1957; x_wconf 82' lang='lat' dir='ltr'>Ex</span> <span class='ocrx_word' id='word_1_679' title='bbox 1809 1927 1864 1957; x_wconf 86' lang='lat' dir='ltr'>bac</span> 
     </span>
     <span class='ocr_line' id='line_1_99' title="bbox 1028 1970 1865 2015; baseline -0.006 -11"><span class='ocrx_word' id='word_1_680' title='bbox 1028 1986 1101 2015; x_wconf 68' lang='lat' dir='ltr'>ergo</span> <span class='ocrx_word' id='word_1_681' title='bbox 1123 1974 1251 2004; x_wconf 84' lang='lat' dir='ltr'>essentia</span> <span class='ocrx_word' id='word_1_682' title='bbox 1275 1973 1315 2004; x_wconf 86' lang='lat' dir='ltr'>sic</span> <span class='ocrx_word' id='word_1_683' title='bbox 1337 1984 1433 2014; x_wconf 84' lang='lat' dir='ltr'>egena</span> <span class='ocrx_word' id='word_1_684' title='bbox 1463 1971 1561 2013; x_wconf 82' lang='lat' dir='ltr'>cogita</span> <span class='ocrx_word' id='word_1_685' title='bbox 1585 1970 1707 2012; x_wconf 87' lang='lat' dir='ltr'>prodire</span> <span class='ocrx_word' id='word_1_686' title='bbox 1736 1970 1865 2012; x_wconf 87' lang='lat' dir='ltr'>primam</span> 
     </span>
     <span class='ocr_line' id='line_1_100' title="bbox 1029 2013 1862 2058; baseline -0.006 -11"><span class='ocrx_word' id='word_1_687' title='bbox 1029 2017 1135 2047; x_wconf 88' lang='lat' dir='ltr'>mundi</span> <span class='ocrx_word' id='word_1_688' title='bbox 1155 2017 1311 2047; x_wconf 82' lang='lat' dir='ltr'>materiam</span> <span class='ocrx_word' id='word_1_689' title='bbox 1336 2026 1459 2058; x_wconf 87' lang='lat' dir='ltr'>prorsus</span> <span class='ocrx_word' id='word_1_690' title='bbox 1475 2025 1612 2056; x_wconf 74' lang='lat' dir='ltr'>egenam,</span> <span class='ocrx_word' id='word_1_691' title='bbox 1630 2021 1659 2044; x_wconf 88' lang='lat' dir='ltr'>et</span> <span class='ocrx_word' id='word_1_692' title='bbox 1678 2013 1801 2043; x_wconf 89' lang='lat' dir='ltr'>omnino</span> <span class='ocrx_word' id='word_1_693' title='bbox 1818 2022 1862 2043; x_wconf 90' lang='lat' dir='ltr'>te-</span> 
     </span>
     <span class='ocr_line' id='line_1_101' title="bbox 1029 2056 1862 2100; baseline -0.006 -10"><span class='ocrx_word' id='word_1_694' title='bbox 1029 2060 1199 2094; x_wconf 86' lang='lat' dir='ltr'>nebrosam,</span> <span class='ocrx_word' id='word_1_695' title='bbox 1225 2059 1467 2100; x_wconf 86' lang='lat' dir='ltr'>deformemque,</span> <span class='ocrx_word' id='word_1_696' title='bbox 1495 2064 1523 2087; x_wconf 83' lang='lat' dir='ltr'>ct</span> <span class='ocrx_word' id='word_1_697' title='bbox 1554 2056 1714 2098; x_wconf 82' lang='lat' dir='ltr'>frigidam:</span> <span class='ocrx_word' id='word_1_698' title='bbox 1741 2056 1791 2086; x_wconf 83' lang='lat' dir='ltr'>scd</span> <span class='ocrx_word' id='word_1_699' title='bbox 1816 2056 1862 2086; x_wconf 91' lang='lat' dir='ltr'>in-</span> 
     </span>
     <span class='ocr_line' id='line_1_102' title="bbox 1029 2099 1865 2143; baseline -0.006 -10"><span class='ocrx_word' id='word_1_700' title='bbox 1029 2103 1114 2133; x_wconf 79' lang='lat' dir='ltr'>terim</span> <span class='ocrx_word' id='word_1_701' title='bbox 1131 2103 1170 2133; x_wconf 85' lang='lat' dir='ltr'>ab</span> <span class='ocrx_word' id='word_1_702' title='bbox 1185 2102 1323 2138; x_wconf 84' lang='lat' dir='ltr'>essentia,</span> <span class='ocrx_word' id='word_1_703' title='bbox 1335 2108 1487 2143; x_wconf 83' lang='lat' dir='ltr'>quatenus</span> <span class='ocrx_word' id='word_1_704' title='bbox 1503 2100 1600 2130; x_wconf 87' lang='lat' dir='ltr'>tribus</span> <span class='ocrx_word' id='word_1_705' title='bbox 1611 2100 1675 2141; x_wconf 82' lang='lat' dir='ltr'>jam</span> <span class='ocrx_word' id='word_1_706' title='bbox 1689 2099 1747 2129; x_wconf 83' lang='lat' dir='ltr'>illis</span> <span class='ocrx_word' id='word_1_707' title='bbox 1763 2106 1807 2129; x_wconf 83' lang='lat' dir='ltr'>est</span> <span class='ocrx_word' id='word_1_708' title='bbox 1822 2111 1865 2129; x_wconf 85' lang='lat' dir='ltr'>in-</span> 
     </span>
     <span class='ocr_line' id='line_1_103' title="bbox 1029 2142 1865 2187; baseline -0.006 -11"><span class='ocrx_word' id='word_1_709' title='bbox 1029 2146 1148 2187; x_wconf 77' lang='lat' dir='ltr'>signita,</span> <span class='ocrx_word' id='word_1_710' title='bbox 1171 2145 1377 2187; x_wconf 85' lang='lat' dir='ltr'>contemplare</span> <span class='ocrx_word' id='word_1_711' title='bbox 1400 2143 1507 2174; x_wconf 90' lang='lat' dir='ltr'>mundi</span> <span class='ocrx_word' id='word_1_712' title='bbox 1530 2143 1686 2173; x_wconf 86' lang='lat' dir='ltr'>materiam</span> <span class='ocrx_word' id='word_1_713' title='bbox 1710 2142 1865 2184; x_wconf 84' lang='lat' dir='ltr'>prodeun-</span> 
     </span>
     <span class='ocr_line' id='line_1_104' title="bbox 1030 2185 1863 2230; baseline -0.005 -11"><span class='ocrx_word' id='word_1_714' title='bbox 1030 2197 1089 2219; x_wconf 83' lang='lat' dir='ltr'>tem</span> <span class='ocrx_word' id='word_1_715' title='bbox 1107 2189 1247 2230; x_wconf 87' lang='lat' dir='ltr'>protinus</span> <span class='ocrx_word' id='word_1_716' title='bbox 1259 2188 1409 2224; x_wconf 83' lang='lat' dir='ltr'>exornari,</span> <span class='ocrx_word' id='word_1_717' title='bbox 1423 2198 1477 2228; x_wconf 89' lang='lat' dir='ltr'>per</span> <span class='ocrx_word' id='word_1_718' title='bbox 1493 2185 1722 2227; x_wconf 82' lang='lat' dir='ltr'>intelligentiam</span> <span class='ocrx_word' id='word_1_719' title='bbox 1739 2185 1863 2226; x_wconf 88' lang='lat' dir='ltr'>quidem</span> 
     </span>
     <span class='ocr_line' id='line_1_105' title="bbox 1030 2228 1864 2273; baseline -0.006 -11"><span class='ocrx_word' id='word_1_720' title='bbox 1030 2232 1135 2262; x_wconf 86' lang='lat' dir='ltr'>formis</span> <span class='ocrx_word' id='word_1_721' title='bbox 1165 2231 1285 2273; x_wconf 84' lang='lat' dir='ltr'>penitus</span> <span class='ocrx_word' id='word_1_722' title='bbox 1315 2229 1586 2272; x_wconf 85' lang='lat' dir='ltr'>permanentibus:</span> <span class='ocrx_word' id='word_1_723' title='bbox 1626 2240 1681 2270; x_wconf 87' lang='lat' dir='ltr'>per</span> <span class='ocrx_word' id='word_1_724' title='bbox 1718 2228 1864 2258; x_wconf 84' lang='lat' dir='ltr'>rationem</span> 
     </span>
     <span class='ocr_line' id='line_1_106' title="bbox 1032 2271 1865 2315; baseline -0.005 -11"><span class='ocrx_word' id='word_1_725' title='bbox 1032 2287 1102 2305; x_wconf 80' lang='lat' dir='ltr'>vero</span> <span class='ocrx_word' id='word_1_726' title='bbox 1118 2274 1234 2310; x_wconf 85' lang='lat' dir='ltr'>formis,</span> <span class='ocrx_word' id='word_1_727' title='bbox 1251 2286 1321 2315; x_wconf 74' lang='lat' dir='ltr'>qua·</span> <span class='ocrx_word' id='word_1_728' title='bbox 1334 2281 1514 2303; x_wconf 74' lang='lat' dir='ltr'>moveantur</span> <span class='ocrx_word' id='word_1_729' title='bbox 1534 2271 1690 2308; x_wconf 84' lang='lat' dir='ltr'>stabiliter,</span> <span class='ocrx_word' id='word_1_730' title='bbox 1708 2282 1762 2312; x_wconf 86' lang='lat' dir='ltr'>per</span> <span class='ocrx_word' id='word_1_731' title='bbox 1778 2282 1865 2312; x_wconf 81' lang='lat' dir='ltr'>vege-</span> 
     </span>
     <span class='ocr_line' id='line_1_107' title="bbox 1032 2314 1863 2358; baseline -0.005 -10"><span class='ocrx_word' id='word_1_732' title='bbox 1032 2318 1121 2348; x_wconf 87' lang='lat' dir='ltr'>talem</span> <span class='ocrx_word' id='word_1_733' title='bbox 1137 2317 1270 2358; x_wconf 90' lang='lat' dir='ltr'>denique</span> <span class='ocrx_word' id='word_1_734' title='bbox 1283 2316 1399 2352; x_wconf 74' lang='lat' dir='ltr'>formis,</span> <span class='ocrx_word' id='word_1_735' title='bbox 1413 2327 1483 2356; x_wconf 79' lang='lat' dir='ltr'>quae</span> <span class='ocrx_word' id='word_1_736' title='bbox 1500 2314 1650 2345; x_wconf 88' lang='lat' dir='ltr'>mobiliter</span> <span class='ocrx_word' id='word_1_737' title='bbox 1667 2320 1863 2344; x_wconf 80' lang='lat' dir='ltr'>moveantur:</span> 
     </span>
     <span class='ocr_line' id='line_1_108' title="bbox 1030 2357 1863 2401; baseline -0.006 -10"><span class='ocrx_word' id='word_1_738' title='bbox 1030 2361 1072 2391; x_wconf 84' lang='lat' dir='ltr'>ita</span> <span class='ocrx_word' id='word_1_739' title='bbox 1088 2369 1199 2397; x_wconf 89' lang='lat' dir='ltr'>tamen,</span> <span class='ocrx_word' id='word_1_740' title='bbox 1214 2369 1247 2390; x_wconf 91' lang='lat' dir='ltr'>ut</span> <span class='ocrx_word' id='word_1_741' title='bbox 1263 2371 1334 2401; x_wconf 73' lang='lat' dir='ltr'>qum</span> <span class='ocrx_word' id='word_1_742' title='bbox 1350 2357 1548 2400; x_wconf 81' lang='lat' dir='ltr'>intelligentia</span> <span class='ocrx_word' id='word_1_743' title='bbox 1564 2357 1741 2398; x_wconf 82' lang='lat' dir='ltr'>rationeque</span> <span class='ocrx_word' id='word_1_744' title='bbox 1757 2368 1863 2398; x_wconf 87' lang='lat' dir='ltr'>proce-</span> 
     </span>
     <span class='ocr_line' id='line_1_109' title="bbox 1031 2399 1864 2442; baseline -0.006 -9"><span class='ocrx_word' id='word_1_745' title='bbox 1031 2403 1120 2438; x_wconf 79' lang='lat' dir='ltr'>dunt,</span> <span class='ocrx_word' id='word_1_746' title='bbox 1137 2413 1197 2433; x_wconf 88' lang='lat' dir='ltr'>tam</span> <span class='ocrx_word' id='word_1_747' title='bbox 1223 2402 1401 2433; x_wconf 85' lang='lat' dir='ltr'>naturaliter</span> <span class='ocrx_word' id='word_1_748' title='bbox 1422 2401 1492 2431; x_wconf 91' lang='lat' dir='ltr'>inde</span> <span class='ocrx_word' id='word_1_749' title='bbox 1516 2399 1680 2442; x_wconf 85' lang='lat' dir='ltr'>profluant,</span> <span class='ocrx_word' id='word_1_750' title='bbox 1697 2410 1788 2440; x_wconf 88' lang='lat' dir='ltr'>quam</span> <span class='ocrx_word' id='word_1_751' title='bbox 1814 2410 1864 2429; x_wconf 91' lang='lat' dir='ltr'>na-</span> 
     </span>
     <span class='ocr_line' id='line_1_110' title="bbox 1032 2442 1863 2487; baseline -0.006 -11"><span class='ocrx_word' id='word_1_752' title='bbox 1032 2445 1180 2481; x_wconf 84' lang='lat' dir='ltr'>turaliter,</span> <span class='ocrx_word' id='word_1_753' title='bbox 1197 2457 1267 2487; x_wconf 71' lang='lat' dir='ltr'>quae</span> <span class='ocrx_word' id='word_1_754' title='bbox 1283 2444 1412 2486; x_wconf 77' lang='lat' dir='ltr'>vegetali</span> <span class='ocrx_word' id='word_1_755' title='bbox 1436 2451 1545 2474; x_wconf 86' lang='lat' dir='ltr'>natura</span> <span class='ocrx_word' id='word_1_756' title='bbox 1568 2450 1753 2473; x_wconf 84' lang='lat' dir='ltr'>nascuntur:</span> <span class='ocrx_word' id='word_1_757' title='bbox 1780 2442 1863 2482; x_wconf 83' lang='lat' dir='ltr'>atqui</span> 
     </span>
     <span class='ocr_line' id='line_1_111' title="bbox 1032 2484 1864 2529; baseline -0.007 -10"><span class='ocrx_word' id='word_1_758' title='bbox 1032 2489 1073 2519; x_wconf 87' lang='lat' dir='ltr'>sic</span> <span class='ocrx_word' id='word_1_759' title='bbox 1085 2489 1185 2519; x_wconf 82' lang='lat' dir='ltr'>anima</span> <span class='ocrx_word' id='word_1_760' title='bbox 1201 2488 1308 2518; x_wconf 88' lang='lat' dir='ltr'>mundi</span> <span class='ocrx_word' id='word_1_761' title='bbox 1324 2487 1453 2529; x_wconf 79' lang='lat' dir='ltr'>praedita</span> <span class='ocrx_word' id='word_1_762' title='bbox 1469 2487 1498 2516; x_wconf 89' lang='lat' dir='ltr'>in</span> <span class='ocrx_word' id='word_1_763' title='bbox 1515 2486 1631 2515; x_wconf 89' lang='lat' dir='ltr'>mundo</span> <span class='ocrx_word' id='word_1_764' title='bbox 1643 2484 1803 2515; x_wconf 86' lang='lat' dir='ltr'>formando</span> <span class='ocrx_word' id='word_1_765' title='bbox 1814 2495 1864 2513; x_wconf 81' lang='lat' dir='ltr'>ex-</span> 
     </span>
     <span class='ocr_line' id='line_1_112' title="bbox 1031 2527 1862 2572; baseline -0.008 -11"><span class='ocrx_word' id='word_1_766' title='bbox 1031 2531 1148 2572; x_wconf 77' lang='lat' dir='ltr'>emplar</span> <span class='ocrx_word' id='word_1_767' title='bbox 1163 2531 1352 2572; x_wconf 69' lang='lat' dir='ltr'>praecipuum</span> <span class='ocrx_word' id='word_1_768' title='bbox 1373 2533 1422 2569; x_wconf 90' lang='lat' dir='ltr'>(ut</span> <span class='ocrx_word' id='word_1_769' title='bbox 1439 2529 1577 2559; x_wconf 67' lang='lat' dir='ltr'>Timzeus</span> <span class='ocrx_word' id='word_1_770' title='bbox 1593 2527 1706 2566; x_wconf 90' lang='lat' dir='ltr'>innuit)</span> <span class='ocrx_word' id='word_1_771' title='bbox 1725 2538 1782 2557; x_wconf 83' lang='lat' dir='ltr'>non</span> <span class='ocrx_word' id='word_1_772' title='bbox 1801 2538 1862 2556; x_wconf 59' lang='lat' dir='ltr'>mo⁴</span> 
     </span>
     <span class='ocr_line' id='line_1_113' title="bbox 1032 2568 1865 2615; baseline -0.008 -11"><span class='ocrx_word' id='word_1_773' title='bbox 1032 2573 1134 2610; x_wconf 86' lang='lat' dir='ltr'>bilem,</span> <span class='ocrx_word' id='word_1_774' title='bbox 1152 2582 1181 2604; x_wconf 86' lang='lat' dir='ltr'>et</span> <span class='ocrx_word' id='word_1_775' title='bbox 1196 2574 1282 2615; x_wconf 84' lang='lat' dir='ltr'>quasi</span> <span class='ocrx_word' id='word_1_776' title='bbox 1298 2572 1501 2614; x_wconf 75' lang='lat' dir='ltr'>generabilem</span> <span class='ocrx_word' id='word_1_777' title='bbox 1523 2578 1638 2612; x_wconf 75' lang='lat' dir='ltr'>spectat</span> <span class='ocrx_word' id='word_1_778' title='bbox 1661 2577 1798 2600; x_wconf 84' lang='lat' dir='ltr'>naturam</span> <span class='ocrx_word' id='word_1_779' title='bbox 1820 2568 1865 2598; x_wconf 76' lang='lat' dir='ltr'>vel</span> 
     </span>
     <span class='ocr_line' id='line_1_114' title="bbox 1033 2610 1865 2652; baseline -0.008 -6"><span class='ocrx_word' id='word_1_780' title='bbox 1033 2616 1191 2652; x_wconf 83' lang='lat' dir='ltr'>rationem,</span> <span class='ocrx_word' id='word_1_781' title='bbox 1209 2616 1231 2645; x_wconf 86' lang='lat' dir='ltr'>si</span> <span class='ocrx_word' id='word_1_782' title='bbox 1255 2616 1346 2645; x_wconf 88' lang='lat' dir='ltr'>modo</span> <span class='ocrx_word' id='word_1_783' title='bbox 1361 2615 1398 2645; x_wconf 87' lang='lat' dir='ltr'>sit</span> <span class='ocrx_word' id='word_1_784' title='bbox 1420 2615 1497 2645; x_wconf 85' lang='lat' dir='ltr'>ratio</span> <span class='ocrx_word' id='word_1_785' title='bbox 1520 2613 1650 2649; x_wconf 78' lang='lat' dir='ltr'>mobilis,</span> <span class='ocrx_word' id='word_1_786' title='bbox 1668 2612 1717 2642; x_wconf 80' lang='lat' dir='ltr'>sed</span> <span class='ocrx_word' id='word_1_787' title='bbox 1735 2610 1865 2641; x_wconf 78' lang='lat' dir='ltr'>intellec-</span> 
     </span>
     <span class='ocr_line' id='line_1_115' title="bbox 1035 2654 1864 2700; baseline -0.007 -12"><span class='ocrx_word' id='word_1_788' title='bbox 1035 2659 1146 2688; x_wconf 81' lang='lat' dir='ltr'>tualem</span> <span class='ocrx_word' id='word_1_789' title='bbox 1164 2659 1265 2700; x_wconf 85' lang='lat' dir='ltr'>potius</span> <span class='ocrx_word' id='word_1_790' title='bbox 1281 2659 1408 2688; x_wconf 88' lang='lat' dir='ltr'>formam</span> <span class='ocrx_word' id='word_1_791' title='bbox 1425 2656 1522 2687; x_wconf 86' lang='lat' dir='ltr'>omnis</span> <span class='ocrx_word' id='word_1_792' title='bbox 1544 2654 1744 2697; x_wconf 76' lang='lat' dir='ltr'>generationis</span> <span class='ocrx_word' id='word_1_793' title='bbox 1760 2664 1864 2694; x_wconf 81' lang='lat' dir='ltr'>exper-</span> 
     </span>
    </p>
   </div>
  </div>
 </body>
</html>
