2102 3015
726 191 926 232 LIBER
965 189 1220 229 PRIMUS.
1731 194 1825 231 1061

13 279 103 322 575
186 308 282 325 ,ι

82 329 206 362 Επου
234 329 350 354 ουσα
374 311 468 356 πῶς
493 306 707 361 δύναμις·
697 342 708 360 ,
751 301 778 360 ὴ
805 325 855 349 το
882 304 1018 358 αὐτῆς
1044 300 1214 356 ἑκάστη
1240 300 1447 362 πράττει,
1478 304 1526 347 οὐ
1553 324 1661 363 προς
1686 304 1736 349 τὸ
1763 306 1829 366 ὀρ-

121 376 198 423 θον
221 377 477 430 βλέπουσα·
518 375 567 420 οὐ
591 373 678 435 γὰρ
705 373 761 418 ἂν
788 372 980 428 ἐποιησέ
1001 393 1062 428 τι,
1093 370 1115 416 ὸ
1137 392 1201 427 μη
1228 370 1429 416 δύναται.
1478 372 1567 416 Καὶ
1593 393 1643 417 το
1669 371 1831 422 κάλλος

118 446 166 492 δὲ
200 448 388 503 δύναμιν
422 444 515 505 ἔχει
549 442 682 491 τινός·
725 441 788 503 ἂρ’
818 441 895 487 οὖν
927 443 1000 487 καὶ
1039 439 1088 486 τὸ
1127 442 1359 501 τρίγωνον,
1390 437 1415 496 ὴ
1444 439 1553 489 ὅλως
1590 441 1688 486 οὐδὲ
1723 441 1831 502 πρὸς

118 517 306 573 δύναμιν
331 519 397 562 δεῖ
418 512 626 568 βλέπειν,
658 511 776 557 ἀλλὰ
799 515 975 568 μᾶλλον
1000 509 1110 571 πρὸς
1136 508 1157 554 ὃ
1184 507 1400 555 διάκειται
1421 530 1430 565 ;

12 583 210 636 576οἶον
231 583 408 646 μορφὰς
433 584 506 628 καὶ
527 585 819 642 χαρακτῆρας
844 581 918 626 καὶ
944 579 1089 625 κοινὸν
1113 581 1140 635 ή
1164 579 1335 640 μορφὴ,
1366 581 1439 625 καὶ
1467 578 1516 624 τὸ
1544 579 1656 628 εἶδος
1681 578 1731 624 τὸ
1759 580 1831 625 ἐπὶ
1842 598 1860 629 5

842 649 988 695 Ἀλλὰ
1013 647 1153 695 πάλιν
1177 652 1271 698 πῶς
1306 650 1350 694 αἱ
1381 647 1617 705 δυνάμειςς
1656 646 1683 704 ὴ
1710 650 1784 694 καὶ
1811 652 1832 693 ὁ

1467 509 1584 555 ὥστε
1610 509 1726 555 Κατὰ
1752 510 1833 559 Τὰς

118 656 174 714 τῇ
200 655 330 717 οὐσία
351 651 470 709 μετὰ
495 651 578 706 την
604 652 778 696 οὐσίαν.

117 724 254 782 φύσει
288 720 498 770 πυκτικός
524 722 584 783 τῷ
611 721 866 765 διακεῖσθαί
895 740 989 768 πως
1024 717 1118 779 ἔχει
1153 722 1303 775 τοῦτο,
1333 720 1407 764 καὶ
1434 721 1455 763 ὁ
1482 717 1699 767 ἀδύνατος
1724 717 1833 780 πρός

116 814 178 850 τι,
208 792 281 838 καὶ
307 791 416 840 ὅλως
437 789 673 851 χαρακτήρ
699 810 765 838 τις
790 791 817 845 ἡ
843 787 1026 842 ποιότης
1052 789 1131 833 οὐκ
1157 787 1389 844 οὑσιώδης.
1423 786 1484 833 ΑΟ
1511 790 1543 832 δ’
1565 787 1621 833 ἂν
1646 787 1696 833 τὸ
1724 787 1833 833 αὐτὸ

117 863 222 922 δοκῇ
246 863 320 907 καὶ
348 862 407 909 εἰς
433 861 594 905 οὐσίαν
620 857 990 915 συμβάλλεσθαι,
1021 859 1094 903 καὶ
1122 859 1182 906 εἰς
1203 857 1268 914 μη
1295 859 1473 914 οὐσίαν,
1504 857 1595 902 οἷον
1621 856 1833 918 θερμότης

115 932 189 976 καὶ
215 928 426 985 λευκότης
459 931 532 974 καὶ
564 928 674 977 ὅλως
703 927 839 989 χρόα,
871 927 1028 984 τὸμὲν
1053 931 1132 982 τῆς
1167 928 1322 976 οὐσίας
1356 925 1485 983 ἄλλο,
1516 926 1607 972 οἷον
1633 926 1833 988 ἐνέργεια
1847 951 1884 971 ιο

78 1001 272 1056 Βαύτῆς,
303 998 353 1045 τὸ
388 998 434 1044 δὲ
468 997 678 1059 δευτέρως
711 1001 784 1043 καὶ
818 999 890 1043 ἀπ’
924 998 1108 1052 ἐκείνου,
1148 998 1221 1042 καὶ
1257 994 1366 1041 ἄλλο
1403 997 1449 1041 ἐν
1484 993 1624 1059 ἄλλῳ,
1655 997 1835 1042 εἴδωλον

116 1070 253 1115 αὑτοῦ
277 1070 350 1114 καὶ
378 1068 541 1125 ὅμοιον.
604 1069 727 1113 Ἀλλ’
759 1069 795 1112 εἰ
829 1066 945 1112 κατὰ
972 1067 1054 1122 την
1083 1065 1319 1127 μόρφωσιν
1352 1067 1425 1112 καὶ
1454 1070 1723 1127 χαρακτῆρα
1759 1068 1833 1111 καὶ

114 1135 268 1200 λόγον,
293 1141 387 1187 πῶς
413 1135 470 1183 τα
496 1136 613 1183 κατὰ,
640 1138 889 1193 ἀδυναμίαν
913 1138 987 1182 καὶ
1014 1136 1175 1196 αἴσχη,
1200 1133 1226 1191 η
1247 1133 1406 1197 λόγους
1433 1137 1604 1184 ἀτελεῖς
1630 1135 1829 1181 λεκτέον·

115 1207 207 1253 οἷον
227 1209 274 1253 ἐν
293 1209 353 1271 τῷ
381 1209 554 1269 αἰσχρῷ
580 1208 653 1252 καὶ
682 1207 728 1252 ἐν
754 1208 808 1267 τῇ
836 1203 952 1269 νόσω
978 1209 1073 1254 πῶς
1097 1208 1117 1250 ὁ
1145 1202 1300 1266 >noyon
1328 1202 1355 1261 ὴ
1376 1204 1450 1250 καὶ
1478 1206 1672 1250 ἐνταῦθα
1696 1202 1834 1267 λόγον

115 1277 373 1334 κινούμενον
406 1276 483 1322 τὸν
517 1280 595 1331 τῆς
632 1277 819 1337 ὑγίειας·
859 1272 886 1331 ὴ
917 1276 994 1321 οὐκ
1032 1276 1078 1320 ἐν
1110 1272 1228 1338 λόγῳ
1266 1272 1437 1330 πάντα,
1469 1274 1587 1319 ἀλλὰ
1625 1276 1749 1336 ἀρκεῖ
1783 1274 1882 1331 τὸι5

115 1367 261 1392 κοινον
285 1367 408 1407 παρα
435 1367 485 1391 το
508 1349 602 1394 πῶς
628 1348 897 1402 διακεῖσθαι,
923 1345 1035 1390 εἶναι
1063 1343 1223 1400 εξωθεν
1248 1348 1327 1400 τῆς
1353 1345 1529 1400 οὐσίας,
1559 1365 1633 1389 και
1659 1365 1709 1389 το
1737 1345 1831 1390 ἐπι-

78 1414 381 1478 ογιγνόμενον
403 1436 522 1472 μετα
547 1436 630 1470 την
649 1416 810 1460 οὐσίαν
834 1411 1018 1470 ποιότης
1044 1419 1122 1460 τοῦ
1149 1413 1458 1470 ὑποκειμένου,
1483 1435 1533 1458 το
1554 1413 1601 1458 δε
1620 1434 1833 1475 τριγωνον

114 1483 299 1541 ποιότης
324 1506 401 1530 του
428 1506 475 1530 εν
501 1483 532 1548 ᾡ
560 1485 644 1545 οὐχ
675 1486 828 1533 απλῶς
862 1485 1093 1545 τρίγωνον,
1126 1482 1245 1529 αλλα
1278 1505 1328 1528 το
1364 1484 1411 1528 ἐν
1436 1483 1596 1546 τούτῳ,
1627 1504 1700 1528 και
1733 1486 1829 1529 καθ

115 1554 223 1601 ὅσον
250 1552 525 1616 ἐμόρφωσεν.
582 1553 728 1599 Ἀλλα
754 1575 827 1599 και
853 1574 879 1609 η
908 1552 1194 1614 ανθρωπότης
1221 1550 1480 1614 εμόρφωσεν
1505 1574 1532 1608 η
1559 1553 1793 1598 οὐσίωσεν.

224 1673 270 1702 -ἶι;]
300 1673 318 1695 (
320 1673 373 1695 0.d(l
393 1672 458 1695 Med.
480 1672 507 1694 B.
529 1677 552 1695 et
576 1671 665 1694 Marce.
732 1672 754 1694 8.
774 1671 815 1695 {rw-
843 1671 894 1725 gns]
916 1671 973 1694 (Mod
988 1671 1042 1694 lat
1056 1670 1127 1695 n'erm
1110 1681 1175 1695 ωας.
1321 1678 1356 1701 ¹5·

113 1672 219 1744 abrih-rit
733 1712 755 1734 9.
775 1704 800 1729 εἰ,
857 1704 899 1734 um]
922 1704 950 1726 Vt
946 1712 971 1726 ι(
973 1712 1009 1726 em
1027 1704 1053 1728 εἰς
1071 1704 1160 1727 omittit
1173 1704 1249 1727 Marc.
1284 1703 1306 1726 V
1308 1708 1339 1726 at.
1354 1703 1391 1757 ¹:³2⁵
1402 1714 1435 1728 ας.

145 1744 169 1766 3.
248 1736 280 1767 ὗν]
303 1738 341 1760 Ita
358 1736 625 1760 Codd.Marct-.Mox.1
640 1737 666 1759 C.
701 1737 733 1759 A.
1320 1736 1354 1759 16.
1424 1736 1460 1765 τὸ]
1480 1736 1726 1759 C‹›d.(i1z.uniittt

112 1774 136 1793 et
148 1748 213 1793 vat-q
239 1770 320 1793 ΚΘΛ(
320 1778 356 1792 ιιι
359 1778 366 1792 ι
378 1770 423 1792 Ed.
436 1771 463 1800 ἀρ
484 1768 516 1791 οὐν
509 1779 524 1791 ν.
733 1777 768 1798 ¹3-
788 1770 817 1791 τὰ
846 1769 905 1799 ατὰ]
924 1769 998 1792 Codd.
1011 1769 1060 1792 Ciz.
1073 1774 1097 1792 et
1109 1769 1131 1792 V
1133 1768 1518 1799 at.omit-1(),utZ-5qwrn†,;]
1534 1769 1590 1790 (unt.
1606 1744 1670 1790 tiled.
1681 1746 1737 1791 eho
1725 1776 1739 1791 a
1751 1776 1786 1798 pr.
1798 1776 1830 1790 m.

147 1808 171 1856 7.ε
186 1801 304 1824 Simmiam}
324 1803 378 1832 πως]
401 1803 473 1825 Codd
495 1802 542 1825 Ciz.
564 1806 588 1825 et
607 1801 630 1825 V
631 1807 663 1825 at
697 1806 780 1825 tunter
1282 1802 1413 1833 ἀμοςφάτης,
1426 1802 1450 1824 in
1462 1809 1494 1823 ιιι.
1508 1805 1535 1823 ut
1548 1801 1591 1823 Etl-

113 1833 130 1856 δι
132 1844 161 1856 αιι
174 1835 228 1856 wiw
241 1836 285 1859 πῶς

1432 1670 1473 1700 ἃς]
1497 1671 1570 1693 Codd
1591 1671 1646 1693 Mar
1636 1678 1666 1693 ια
1688 1671 1720 1692 Λ.
1739 1670 1788 1693 Ciz.
1809 1675 1832 1693 et

115 1914 310 1956 triangulus?
335 1916 388 1945 An
409 1915 487 1945 forte
510 1926 609 1957 neque
632 1914 671 1945 ad
694 1914 862 1962 potentiam
878 1914 949 1956 qui-

114 1957 183 1988 dem
207 1958 237 1987 in
257 1957 426 1998 judicanda
449 1958 597 2000 qualitate
620 1958 707 1988 decet
729 1969 873 1999 aspicer,e
898 1957 949 1988 sed

114 1999 217 2042 potius
239 2000 277 2030 ad
300 2000 342 2036 id,
359 2000 442 2042 quod
465 2000 568 2042 aliquo
592 2001 682 2031 modo
703 2001 886 2043 disponitur,
903 2000 950 2031 vel

994 1914 1023 1945 in
1040 1914 1110 1951 alio,
1127 1914 1228 1955 imago
1244 1913 1473 1955 similitudoque
1496 1913 1585 1943 illius.
1631 1914 1786 1944 Caeterum
1808 1914 1831 1944 si

994 1957 1125 1999 qualitas
1141 1957 1308 1988 secundum
1326 1957 1538 1987 thimationem
1561 1964 1590 1987 et
1613 1964 1715 1987 notam
1740 1956 1831 1987 ratio-

995 2012 1126 2042 nemque
1137 2000 1306 2042 judicatur,
1324 2012 1457 2042 quonam
1480 2007 1571 2041 pacto
1592 2000 1631 2030 ad
1652 2000 1831 2041 qualitatem

113 2043 272 2073 afficitur?
322 2044 420 2080 Quam
447 2043 487 2073 ob
513 2055 575 2074 rem
605 2044 772 2074 secundum
800 2044 948 2085 quasdam

114 2086 202 2128 qnasi
228 2086 341 2115 formas
370 2094 398 2116 et
424 2086 610 2117 cliaractetes
635 2087 721 2117 nobis
748 2095 792 2117 est,
818 2087 950 2128 qualitas

115 2128 349 2170 perpendendam
375 2137 467 2169 atque
491 2129 520 2159 in
542 2130 607 2171 ejus
629 2130 756 2161 oidine
750 2142 850 2172 ipsun]
867 2142 948 2160 com-

114 2183 207 2202 mune
223 2182 358 2201 omnium
379 2171 477 2201 forma
496 2172 638 2213 quaedam
659 2181 714 2210 est,
731 2181 759 2204 et
783 2173 896 2215 specics
919 2173 948 2203 in

114 2215 243 2245 essentia
265 2214 388 2256 quidem
409 2214 523 2255 jacenS,
540 2215 591 2245 sed
614 2216 736 2246 ιειιίοιι5
758 2224 826 2258 post
849 2228 948 2246 essen-

115 2257 199 2288 tiam.
247 2257 305 2287 Sed
323 2268 428 2287 ruisus
444 2238 598 2298 quomodo
613 2258 651 2288 ad
666 2258 696 2289 id
712 2271 742 2289 se
758 2259 785 2289 h
779 2259 871 2290 abent
894 2271 948 2301 po-

115 2301 229 2337 tentiffie
245 2299 497 2342 pettulit-endum.
543 2301 636 2331 Fotte
655 2309 683 2331 et
703 2301 757 2343 qui
779 2309 889 2332 natura
904 2310 948 2333 est

115 2343 214 2391 pugil,
239 2355 275 2373 ex
300 2355 346 2379 eo,
372 2342 455 2384 qnod
482 2342 631 2373 afficiatur
654 2344 892 2391 quodammodo,
919 2345 949 2375 id

114 2398 214 2428 ipsum
233 2386 337 2417 habet:
355 2385 553 2426 similiterque
565 2386 617 2426 qui
634 2387 766 2417 nascitur
779 2387 818 2417 ad
833 2388 950 2427 aliquid

115 2429 284 2471 impotens:
309 2437 338 2459 ct
362 2439 485 2458 ommno
506 2428 661 2458 character
676 2429 800 2470 quidam
819 2430 950 2478 qualitas

115 2480 171 2510 est,
193 2484 255 2503 stve
280 2472 324 2513 sig
316 2471 482 2507 rnaculnm,
506 2478 599 2512 atque
623 2478 704 2508 nota,
726 2472 765 2502 ad
791 2473 948 2504 essentiam

115 2515 238 2546 minime
264 2515 429 2556 pertinens.
474 2513 566 2550 Quod
596 2522 697 2544 antem
725 2514 845 2544 videtur
869 2515 949 2546 idem

117 2565 181 2588 tum
196 2558 333 2589 conferre
348 2558 385 2588 ad
403 2557 574 2592 essentiam,
592 2564 658 2587 tum
677 2557 818 2587 accedere
838 2566 949 2599 praeter

116 2601 287 2637 essentiam,
304 2601 381 2631 sient
400 2600 481 2631 calor
496 2607 527 2630 ct
546 2599 655 2630 albedo
675 2599 833 2641 omnisque
857 2601 948 2637 color,

117 2642 159 2674 ita
175 2655 207 2674 se
224 2644 325 2681 habet,
339 2652 384 2681 ut,
397 2643 480 2685 quod
497 2643 535 2673 ad
552 2642 710 2673 essentiam
726 2643 853 2678 confert,
866 2624 950 2674 aliud

118 2685 155 2716 sit
167 2686 250 2717 velut
265 2694 351 2717 actus
366 2686 516 2717 ess-entim:
534 2685 618 2727 quod
633 2696 704 2715 vcro
720 2696 779 2715 non
796 2685 949 2724 conducit,

117 2729 250 2760 secundo
267 2729 334 2761 loco
355 2742 385 2760 se
409 2729 529 2767 habeat,
545 2728 644 2771 sitque
667 2728 706 2759 ab
727 2727 788 2766 illo,
805 2727 950 2771 aliudque

993 2044 1133 2079 attinent,
1150 2056 1220 2085 quae
1236 2043 1444 2085 impotentiam
1464 2042 1750 2085 tulpitudinemque
1773 2055 1832 2085 Slg-

993 2088 1138 2117 nificant?
1164 2088 1258 2117 Forte
1273 2086 1520 2128 tespondendum
1533 2093 1588 2121 est,
1602 2086 1674 2116 talia
1681 2086 1830 2134 quadam

994 2130 1124 2161 tationes
1148 2130 1341 2171 impetfectas
1367 2141 1412 2159 css
1407 2142 1440 2166 e,
1466 2129 1543 2159 sicut
1571 2135 1655 2171 patet
1681 2140 1710 2159 1n
1735 2129 1829 2171 turpi.

996 2173 1054 2204 Sed
1081 2173 1110 2203 in
1136 2173 1242 2203 morbo
1267 2172 1423 2214 quomodo
1448 2172 1525 2202 tatio
1541 2174 1553 2201 ?
1599 2173 1693 2202 Forte
1718 2172 1747 2202 in
1774 2172 1830 2203 hoc

994 2217 1083 2247 etiam
1106 2216 1253 2246 rationem
1276 2227 1418 2257 pommus
1440 2215 1585 2253 sanitatis,
1602 2215 1831 2257 quodammodo

993 2272 1009 2290 e
1036 2272 1091 2290 suo
1118 2267 1198 2290 statu
1224 2266 1416 2301 permotam:
1448 2258 1526 2288 forte
1549 2270 1621 2289 vero
1646 2270 1706 2289 non
1729 2259 1831 2289 omnia

992 2303 1057 2333 lianc
1084 2303 1113 2333 in
1138 2302 1253 2333 ratione
1281 2301 1423 2344 ponenda
1449 2309 1529 2331 sunt.
1584 2301 1702 2332 Sufficit
1727 2310 1830 2332 autem

992 2346 1162 2376 communis
1182 2345 1325 2387 quaedam
1347 2344 1481 2375 conditio
1502 2344 1671 2375 secundnm
1694 2345 1829 2375 affectio-

993 2401 1061 2419 nem
1085 2397 1115 2420 et
1140 2388 1366 2431 dispositionem
1394 2395 1480 2418 extra
1504 2388 1662 2418 essentiam
1687 2388 1728 2418 sic
1752 2400 1829 2429 quo-

993 2431 1157 2462 dammodo
1174 2444 1204 2462 se
1224 2431 1399 2468 habentem,
1415 2439 1445 2461 et
1467 2438 1536 2472 post
1561 2431 1719 2461 essentiam
1743 2442 1827 2462 acce—

993 2475 1126 2511 dentem,
1149 2475 1225 2505 adeo
1247 2482 1280 2505 ut
1305 2474 1436 2522 qualitas
1460 2474 1603 2515 quadam
1625 2474 1662 2504 sit
1687 2474 1828 2521 subjecti.

994 2517 1185 2559 Triangulus
1201 2529 1272 2548 vcro
1294 2529 1416 2559 eJus,1n
1440 2529 1502 2559 quo
1524 2524 1580 2555 est,
1595 2516 1726 2558 qualitas
1743 2516 1827 2559 judi-

992 2568 1089 2598 catur,
1114 2572 1173 2591 non
1201 2561 1325 2603 quidem
1353 2560 1525 2602 tliangulus
1552 2560 1616 2602 ipsc
1641 2560 1827 2601 simpliciter,

993 2603 1045 2633 sed
1061 2611 1091 2634 et
1106 2604 1159 2645 qui
1182 2604 1212 2634 in
1234 2604 1291 2634 hoc
1312 2612 1367 2641 cst,
1383 2610 1413 2633 et
1428 2610 1580 2644 quatenus
1602 2603 1722 2633 fotmat.
1768 2601 1827 2632 Sed

994 2653 1023 2676 et
1049 2646 1223 2678 humanitas
1246 2648 1349 2678 sotsan
1375 2646 1498 2684 fotmat,
1522 2646 1583 2676 imo
1609 2657 1682 2676 vcro
1705 2651 1826 2687 praestat

993 2689 1164 2720 essentiam.
