2102 3015
159 189 171 213 1
182 176 259 224 446
693 175 956 212 ΔΙΑΛΟΓΟΣ
986 175 1105 212 ΠΕΡΙ
1135 175 1330 212 ΨΥΧΗΣ.

153 294 247 328 γους·
279 277 539 328 εἰρωνευόμενος
559 278 646 326 ὁμοῦ
664 277 811 319 πάντας·
843 278 896 316 ὅτι
914 277 1036 329 ὥσπερ
1055 281 1170 346 θρε..
1193 308 1200 315 .
1247 276 1450 330 a(Exple.
1472 277 1667 327 θρέμματα)
1687 275 1871 325 ἀκηκοότες

153 334 251 373 οὐδὲν
269 334 433 372 είσονται·
455 333 560 382 μόνος
578 333 613 371 δὲ
633 332 703 373 οῖος
721 351 743 371 τ
767 333 817 382 εἰη
835 332 1014 385 σφόδρα’
999 334 1142 380 ετοίμως
1161 331 1356 399 ἀνατρεψαι
1375 331 1438 372 τὰς
1457 331 1560 372 αὐτὸς
1579 334 1685 370 αὑτοῦ
1703 349 1781 382 περι
1800 335 1871 370 τῶν

152 389 264 428 ὅντων
283 391 492 441 ὑποληψεις·
515 389 612 429 αὖθις
630 388 667 427 τὲ
687 392 713 427 εἰ
728 392 942 438 προθυμοῖτο
961 405 1115 435 κειμενας
1135 390 1263 425 θᾶττον
1282 389 1464 437 ἀνεγειραι,
1485 389 1530 428 ὡς
1549 386 1626 436 μήδ’
1649 386 1871 433 ἀντιβλεπειν

153 446 308 483 ὁντινοῦν
328 445 510 483 δύνασθαι
542 446 570 482 εἰ
589 443 658 494 γὰρ
677 443 724 492 μὴ
742 448 845 482 τοῦτο
870 449 913 492 ἠν
932 445 978 483 ὡς
1003 442 1072 492 ἐγὼ
1098 441 1325 492 στοχάζομαι,
1345 442 1442 480 οὐδὲν
1461 442 1501 480 τὸ
1520 442 1688 492 παράπαν
1708 442 1773 481 ἔδει
1799 445 1871 481 τῶν

154 505 215 538 νῦν
233 499 363 549 λόγων·
386 499 439 538 ότι
459 502 493 537 αἰ
511 499 664 550 ψυχαὶ
645 502 743 547 ημῶν
762 500 908 549 ὀρνίθων
927 498 963 536 τὲ
982 500 1038 536 καὶ
1057 498 1186 548 θηρίων
1205 501 1338 536 οἰκοῦσι
1358 497 1520 545 σώματα.
1552 501 1579 536 εἰ
1597 497 1667 547 γὰρ
1685 502 1788 536 τοῦτο
1807 499 1866 535 οὔ·

153 573 220 595 τως
241 555 319 606 ἔχει,
337 558 412 595 πῶς
431 555 537 592 ἐκεῖνο
557 556 659 604 ὑγιῶς
678 554 777 592 ἔσται
796 553 836 592 τὸ
856 555 892 592 ἐκ
911 553 1107 591 τεθνεώτων
1124 552 1204 593 τοὺς
1224 553 1353 603 ζῶντας
1372 553 1569 602 γίγνεσθαι·
1602 555 1710 601 δῆλον
1730 552 1798 603 γὰρ
1817 552 1870 591 ὅτι

152 610 283 658 ἑκάστη
312 613 382 648 τῶν
400 613 529 661 ψυχῶν
552 614 785 660 κατασχοῦσα
812 607 852 647 τὸ
880 610 1063 658 προσῆκον
1082 608 1168 655 αὐτῆ
1196 611 1312 656 σῶμα,
1332 610 1471 656 σπουδῆ
1500 608 1692 659 ἀνθέξεται·
1724 610 1781 647 καὶ
1809 609 1870 646 οὐκ

152 666 350 717 ἀπολείψει,
370 665 452 703 ἔστε
471 664 512 713 δὴ
532 668 608 703 σῶν
627 665 728 712 μένει.
758 665 798 702 οὐ
817 663 886 713 γὰρ
907 662 1004 711 ἱκανὴ
1024 663 1125 701 ἔσται
1143 661 1217 710 ἅμα
1242 666 1317 701 κυνὶ
1345 663 1381 701 r3
1409 664 1466 701 καὶ
1492 663 1666 713 ἀνθρώπω
1695 665 1867 715 ἀποχρῆν·

152 739 200 769 μη
220 721 448 760 ἀπολίπουσα
466 719 513 766 δὲ,
533 721 594 758 οὐκ
614 719 656 758 ἂν
675 720 790 769 ἕτερον
809 718 965 769 ζητήσειε
986 717 1155 770 καθάπαξ
1171 722 1232 756 τοῦ
1253 719 1376 756 οἰκειου
1394 719 1627 767 ἐπειλημμενη
1647 722 1674 756 εἰ
1694 718 1730 757 δὲ
1749 723 1867 765 τοῦτο,

153 776 263 814 οὐδ’
243 782 286 814 ἀν
307 777 403 816 αὐθις
421 775 544 814 πολλὰ
563 775 658 825 ζώων
677 774 828 822 σώματα
846 773 966 823 ὥσπερ
986 775 1022 811 ἐν
1041 777 1135 824 χορῶ
1158 773 1464 843 περιοδεύσασα,’
1448 791 1484 812 εν
1503 775 1690 823 ἀνθρώπου
1708 791 1868 825 μεταχω-

151 831 281 881 ρήσειε·
313 835 339 870 εἰ
358 830 406 880 μὴ
425 829 544 878 δεήσοι
562 829 685 868 πολλὰ
702 828 879 869 παθόντας
898 829 998 876 ημᾶς.
1030 846 1086 867 και
1105 829 1282 866 κωνώπων
1299 831 1377 869 υἱεῖς
1396 833 1492 866 εἰναι.
1524 830 1632 867 καίτοι
1652 828 1774 867 πολλὰ
1789 829 1868 880 χαί-

151 904 223 937 ρειν
241 888 392 927 παῖδες’
379 886 475 926 ὄντες
494 886 627 937 ἔφαμεν
645 887 695 936 τῷ
711 884 846 932 μυθω’
830 902 866 922 εκ
885 883 1076 933 μυρμήκων
1094 886 1144 935 τῷ
1171 886 1279 921 αἰακῶ
1299 884 1360 921 τὸν
1378 883 1534 934 στρατὸν
1551 883 1725 936 ἐξάγοντι
1757 889 1818 923 νῦν
1836 884 1872 922 δὲ

152 943 220 992 ἀρα
242 941 497 990 πεπείσμεθα’
480 958 531 979 οτι
551 939 615 978 κάν
633 941 669 978 ἐκ
687 939 785 978 λάων
804 939 982 989 ἅνθρωποι
1001 939 1095 989 ζῶεν.
1128 956 1180 976 οτι
1201 938 1269 977 δὲ
1256 956 1274 976 ο
1293 938 1402 987 λόγος
1430 945 1540 985 οὗτος,
1559 956 1616 977 και
1634 957 1773 988 γενεσιν
1792 941 1864 978 ἀνι-

152 1015 215 1045 νην
235 997 499 1047 (ἀνθρωπίνην)·
531 997 672 1045 ἀναιρεῖ·
704 996 760 1033 καὶ
780 998 850 1034 τοῖς
870 995 1091 1062 φαινομένοις
1119 993 1276 1045 μάχεται,
1295 994 1431 1032 ἐνθενδε
1457 998 1600 1042 μᾶλλον
1619 1012 1678 1032 σοι
1698 998 1869 1046 φανεῖται.

152 1055 280 1103 ψυχῶν
298 1051 367 1102 γὰρ
387 1052 624 1101 ἀνθρωπίνων,
644 1053 677 1088 αἰ
697 1049 759 1098 μὲν
778 1051 932 1100 χρησταὶ
951 1048 1046 1097 νόμω
1066 1051 1123 1087 καὶ
1141 1050 1290 1087 παιδειοι
1321 1067 1355 1087 αι
1376 1049 1411 1087 δὲ
1431 1049 1618 1100 ἀφροσύνη
1646 1067 1703 1088 και
1731 1050 1869 1101 φαυλό-

151 1125 229 1156 τητι
247 1125 396 1157 πονηραι
414 1105 651 1156 τυγχάνουσιν
671 1106 787 1143 οὖσαι·
819 1108 845 1142 εἰ
866 1111 927 1142 οὐν
946 1105 1079 1142 τούτων
1099 1107 1132 1142 αἱ
1152 1104 1215 1152 μὲν
1235 1105 1411 1157 φαῦλαι
1397 1122 1523 1145 ιππους
1548 1104 1584 1143 τὲ
1610 1122 1666 1143 και
1693 1122 1792 1146 ονους
1817 1123 1873 1144 και

152 1163 309 1213 ἄρκτους,
329 1164 385 1200 καὶ
404 1161 613 1214 ξυλλήβδην
632 1163 747 1207 εἰπεῖν,
768 1159 875 1210 θήρας
895 1159 1091 1208 οἰκησουσι·
1114 1163 1186 1200 ταῖς
1208 1161 1235 1198 δ
1253 1161 1443 1209 ἀγαθαῖς”’
1420 1159 1547 1209 ημερόν
1566 1178 1598 1198 τι
1618 1162 1674 1198 καὶ
1691 1159 1875 1199 πολιτικον

151 1219 250 1267 γένος
269 1217 341 1256 οἷον
360 1217 400 1256 τὸ
419 1221 489 1255 τῶν
508 1219 681 1263 μελιττῶν
699 1218 755 1254 καὶ
773 1214 963 1265 μυρμήκων
982 1214 1178 1265 οἰκητήριον
1197 1215 1297 1253 ἔσται
1316 1219 1388 1255 τοῖς
1408 1217 1501 1255 ἀνὸΐς
1521 1215 1745 1265 (ἀνθρώποις)
1766 1215 1875 1254 πόθεν

152 1274 223 1322 ἥκει
244 1273 283 1312 τὸ
304 1273 370 1323 ζῆν
389 1272 555 1310 ἑκάστοτε
572 1291 579 1317 3
610 1272 650 1309 οὐ
669 1271 739 1321 γὰρ
757 1270 798 1318 δὴ
819 1271 860 1322 ἐξ
877 1271 1072 1320 ἀνθρώπων
1092 1287 1143 1319 γε.
1176 1270 1272 1308 οὐδὲν
1291 1270 1360 1320 γὰρ
1381 1272 1399 1308 ὁ
1418 1270 1526 1320 λόγος
1554 1271 1653 1311 οὗτος
1681 1275 1870 1321 συγχωρεῖ.

152 1331 208 1367 καὶ
227 1328 296 1377 μὴν
316 1326 522 1376 θαυμαστόν
540 1344 573 1365 τι
593 1326 735 1378 δόξειεν·
768 1326 911 1376 ἄπειρον
930 1326 992 1374 μὲν
1012 1324 1139 1376 χρόνον
1157 1328 1199 1373 τῆ
1220 1327 1358 1377 σφαίρα
1376 1330 1438 1364 τοῦ
1455 1325 1589 1366 παντὸς
1608 1325 1760 1367 ὀπαδοὺς
1785 1329 1874 1367 θεοῖς

151 1384 422 1434 περιπολούσας,
440 1382 563 1421 κάλλει
581 1382 617 1420 τὲ
636 1386 698 1421 τοῦ
718 1382 810 1420 θείου
829 1383 885 1419 καὶ
905 1382 1087 1431 ἀμβροσία
1106 1380 1309 1432 τρέφεσθαι,
1329 1381 1431 1420 ἔπειτ’
1448 1381 1644 1433 ἐξεπίτηδες
1663 1385 1709 1422 εἰς
1728 1383 1795 1431 γῆν
1813 1399 1875 1420 πε-

151 1443 239 1478 σεῖν·
271 1440 312 1478 ἵν’
334 1442 456 1477 οἰκῶσι
475 1438 536 1476 τὸν
555 1439 606 1476 ἀεὶ
625 1436 763 1488 χρόνον,
784 1436 880 1475 λυκἩ

305 1510 323 1526 515
540 1508 557 1526 ηε
776 1507 793 1524 *
1008 1507 1028 1524 ³ss
1243 1504 1261 1522 ἦ·
1475 1504 1493 1522 *⁵
1708 1504 1726 1522 ’ἦ

152 1551 233 1588 ἀλλ’
256 1550 274 1588 ὅ
293 1567 336 1598 με
355 1553 480 1599 μικροῦ
497 1551 690 1599 παρῆλθεν,
711 1549 775 1599 οὐχ
794 1548 928 1598 ἑτέρως·
960 1546 982 1596 ἢ
1002 1549 1048 1588 ὡς
1066 1550 1144 1597 περὶ
1163 1545 1347 1585 ἀθανάτων
1367 1545 1434 1597 χρὴ
1454 1550 1524 1584 τῶν
1544 1546 1736 1585 ἀλωπέκων
1756 1549 1870 1585 διανο-

152 1609 278 1644 εῖσθαι.
312 1606 350 1643 οὐ
369 1604 455 1671 γὰρ
460 1605 502 1652 δὴ
522 1603 707 1653 ἀνθρώπου
727 1604 789 1652 μὲν
808 1607 915 1652 σῶμα
933 1602 1006 1641 οἷον
1025 1603 1061 1641 r3
1080 1602 1256 1641 ἀθάνατον
1274 1619 1338 1650 την
1356 1600 1479 1653 ψυχὴν
1499 1604 1671 1651 διατηρεῖν
1689 1602 1875 1650 σκώληκος

153 1661 199 1707 δὲ,
222 1661 316 1714 [οὔ]
349 1662 388 1699 οὐ
407 1659 476 1710 γάρ
495 1677 528 1698 τι
548 1658 750 1711 διάφορον
737 1663 870 1709 ορῶμεν
889 1660 925 1697 ἐν
942 1663 1013 1698 τοῖς
1042 1658 1200 1706 σώμασι,
1219 1657 1380 1705 μάλιστα
1409 1657 1445 1695 δὲ
1473 1657 1607 1697 τούτοις
1632 1656 1653 1705 ἦ
1679 1657 1874 1706 ἀνθρώποις

154 1716 337 1768 ὑπάρξει
318 1734 339 1764 η
358 1715 459 1768 ψυχη
483 1714 665 1756 ἀθάνατος.
694 1715 868 1765 ἀνθρώπω
894 1713 957 1762 μὲν
982 1713 1051 1764 γὰρ
1078 1712 1178 1765 ἅπαξ
1204 1716 1394 1763 μετασχεῖν
1419 1714 1481 1760 τῆς
1509 1713 1614 1760 αὐτῆς
1639 1714 1759 1763 ψυχῆς
1787 1714 1873 1759 εστὶ,

154 1789 228 1810 κυνι
248 1771 283 1810 δὲ
303 1773 359 1809 καὶ
378 1771 523 1819 μελίττη
541 1770 670 1821 σχεδὸν
689 1771 765 1808 αἰεί.
798 1769 850 1808 ὅτι
869 1769 931 1817 μὲν
951 1769 1004 1817 δη,
1025 1772 1051 1807 εἰ
1071 1768 1205 1817 ἀληθης
1225 1768 1324 1808 οὗτος
1343 1769 1362 1806 6
1381 1767 1500 1833 λόγος,
1519 1768 1580 1805 οὑκ
1599 1767 1699 1805 ἔσται
1718 1771 1790 1807 τοῖς
1809 1769 1870 1806 ἀν-

154 1827 306 1876 θρώποις
335 1844 413 1865 ουτε
442 1825 597 1895 νόμιμον,
627 1826 696 1864 οὔτ’
724 1825 840 1875 ὀρθόν·
872 1825 941 1863 οὔτ’
972 1824 1126 1870 ευσεβες·
1158 1822 1281 1873 ὥσπερ
1308 1825 1344 1861 ἐν
1372 1822 1490 1860 σκότει
1518 1823 1770 1870 πλανωμενων·
1801 1823 1873 1861 οὔθ’

155 1882 247 1922 ολως
267 1882 424 1922 θάνατος·
455 1898 532 1920 ουτε
551 1881 647 1931 γέρα·
671 1882 748 1919 οὔτε
767 1881 896 1919 ποιναί·
918 1883 989 1920 τοῖς
1008 1878 1247 1927 τελευτηκόσι·
1271 1881 1378 1928 λῆρος
1397 1877 1433 1915 τὲ
1453 1878 1470 1915 ὁ
1490 1880 1560 1915 τῶν
1578 1881 1732 1925 ποιητῶν
1751 1876 1870 1926 λόγος·

155 1937 219 1985 τὴν
237 1938 357 1987 τρίτην
375 1941 500 1986 μοῖραν
518 1939 580 1985 τῆς
599 1938 708 1987 ἀρχης
729 1935 795 1975 ὑπὸ
817 1953 883 1985 γην
902 1938 952 1987 τῷ
970 1935 1147 1973 πλούτωνι
1175 1933 1417 1981 διανεμόντων·
1450 1932 1572 1970 οὐδενα
1597 1932 1633 1970 τὲ
1659 1936 1691 1971 οῖ
1715 1938 1777 1971 τοῦ
1803 1932 1875 1974 διὸς

156 1991 336 2040 λεγόμενοι
355 1995 475 2033 παῖδες
494 1996 662 2042 κρινοῦσι·
694 2008 800 2039 μινως
819 1991 854 2029 τὲ
874 2008 931 2028 και
950 1989 1079 2031 αἰακός·
1112 1991 1168 2028 καὶ
1187 2007 1226 2027 ον
1245 1990 1306 2026 οὐκ
1325 1986 1424 2026 οἰδ’“
1407 2005 1501 2027 οπως
1521 1990 1613 2038 φασι
1634 1988 1781 2038 τρίτον23
1783 2019 1791 2035 ,
1811 1989 1872 2027 οὐ·

157 2048 213 2085 δεν
238 2064 280 2095 με
309 2049 362 2085 δεῖ
386 2047 500 2096 λέγειν
525 2065 561 2085 εν
587 2050 636 2098 τῷ
663 2046 821 2096 παρόντι·
853 2049 994 2094 μᾶλλον
1020 2044 1089 2095 γὰρ
1115 2044 1156 2082 ἂν
1176 2043 1361 2093 ὀρθότερον
1381 2047 1450 2083 τοῖς
1476 2045 1633 2081 ἐπιοῦσιν
1652 2046 1757 2082 εἰπεῖν
1775 2047 1870 2094 σχοῖ·

155 2120 240 2142 τεως
259 2101 295 2140 δὲ
312 2119 401 2152 προς
419 2102 463 2139 τὰ
482 2102 591 2140 λοιπὰ
610 2105 789 2152 χωρῶμεν.
812 2101 878 2151 ἔχει
898 2100 968 2151 γὰρ
988 2101 1028 2138 οὐ
1047 2101 1188 2164 μετρίας
1205 2116 1293 2147 προς
1311 2115 1432 2136 πιστιν
1452 2099 1607 2148 ἀποριας·
1628 2100 1683 2136 καὶ
1703 2098 1751 2147 μή
1769 2116 1828 2146 μοι
1847 2103 1874 2136 ὠ

157 2156 332 2205 τιμόκλεις
359 2160 472 2206 σιγῶν
498 2157 583 2195 ισθι·
615 2158 654 2195 οὐ
682 2156 752 2207 γὰρ
779 2156 955 2204 βουλομαι
984 2172 1106 2205 ωσπερ
1135 2172 1169 2192 αι
1198 2157 1315 2203 γραῖαι
1343 2156 1453 2200 μυθον
1475 2153 1553 2191 τινὰ
1581 2153 1780 2200 διελθὼν,”
1757 2171 1874 2192 επειτα

157 2214 303 2251 ἀπεῖναι·
335 2212 441 2260 μηδὲν
460 2212 569 2250 πλεον
588 2213 793 2264 ὠφεληθειᾞς
824 2216 846 2259 ἠ
866 2228 935 2260 γαρ
959 2210 1001 2248 ἂν
1020 2209 1113 2248 δεινὰ
1131 2208 1284 2256 παθοιμι,
1305 2211 1331 2246 εἰ
1356 2212 1404 2260 τῷ
1430 2208 1631 2260 σοφωτατω
1650 2212 1720 2247 τῶν
1739 2213 1800 2247 νῦν
1819 2210 1874 2247 ἐπι

158 2267 276 2317 λόγοις
296 2284 497 2315 τιμωμενων
516 2266 746 2317 ἐντετυχηκὼς
775 2269 928 2306 εἰσαῦθις
957 2264 1097 2303 οὐδὲν
1078 2270 1182 2312 ἡττον
1207 2281 1346 2314 πτωχος
1369 2281 1432 2311 την
1451 2265 1596 2313 γνώμην
1615 2264 1750 2312 ἔσομαι.
1780 2263 1873 2316 δόξει

158 2323 227 2372 γὰρ
246 2321 340 2361 ἅπαν
359 2322 399 2361 τὸ
418 2339 496 2372 περι
516 2321 572 2369 ἐμὲ
592 2322 769 2369 δυσμαθία
796 2338 862 2359 τινι
890 2320 1080 2370 γεγονεᾞναι
1112 2318 1188 2357 ουδὲ
1216 2319 1285 2369 γὰρ
1313 2319 1355 2356 ἀν
1379 2323 1472 2367 οἶμαι
1500 2319 1646 2359 πιθανὸς
1669 2321 1871 2370 φαινοίμην,

158 2379 274 2427 λέγων
293 2380 442 2426 τάληθῆ.
474 2377 522 2415 ἔτι
541 2376 609 2426 ἐγὼ
628 2394 743 2424 μεντοι
770 2376 916 2426 ἔναγχος
941 2373 1124 2413 συνελθὼν
1144 2392 1189 2414 εις
1216 2373 1345 2423 λόγους
1363 2373 1531 2421 τιμόκλει,
1551 2374 1649 2412 ουδὲν
1666 2376 1746 2424 παρ’
1768 2376 1873 2413 αὐτοῦ

158 2434 298 2481 ἔμαθον·
330 2433 382 2471 ὅτι
401 2450 448 2481 μη
468 2434 603 2481 σιγῆτε·
636 2449 692 2469 και
711 2432 852 2479 ἡδέεως
836 2434 951 2481 υπεῖχε
971 2447 1029 2477 μοι
1047 2429 1091 2467 ro}
1117 2434 1189 2467 ώτα
1215 2433 1372 2479 λιπαρῶς
1398 2429 1532 2467 ἀκουων
1551 2447 1632 2477 μου,
1656 2430 1707 2468 ὅτι
1726 2432 1789 2468 αἰεὶ
1808 2430 1870 2468 λε-

159 2506 263 2537 γοιμι.
294 2491 320 2526 εἰ
341 2489 401 2526 οὐν
419 2505 508 2538 προς
527 2486 638 2536 λόγον
656 2486 715 2524 οἴει
732 2503 792 2524 σοι
811 2489 946 2524 κεῖσθαι
965 2485 1022 2532 ἐμὲ
1042 2485 1225 2536 ἐξελεσθαι
1245 2502 1306 2533 της
1325 2488 1395 2522 τῶν
1414 2485 1665 2536 ἐντευξομένων
1683 2486 1869 2535 λοιδορίας·

198 2593 224 2614 ‘2¹
247 2594 378 2621 Proxima
393 2593 474 2621 facile
490 2592 618 2628 expleas:
641 2591 723 2617 λύκων
736 2602 764 2617 τε
779 2591 817 2616 καὶ
831 2591 928 2625 ἰίρκτων
943 2593 994 2616 σώ-
1076 2589 1103 2609 25
1126 2590 1177 2616 Rh-
1173 2590 1386 2617 ‹.1(1an]anthun1
1412 2590 1434 2615 Χ
1440 2589 1476 2617 id.
1495 2590 1604 2616 Platon
1621 2590 1708 2627 Gorg
1724 2600 1750 2627 p.
1764 2599 1830 2626 523.
1846 2596 1874 2617 et

158 2647 224 2668 ματα
239 2641 265 2662 et
282 2644 344 2670 quae
360 2634 432 2661 forte
448 2634 530 2670 plura
545 2632 710 2659 animalium
725 2631 865 2658 vocabula
884 2630 994 2658 excide·
1038 2630 1072 2657 cf,
1088 2636 1185 2657 annot
1198 2637 1286 2657 nostr.
1304 2631 1331 2657 in
1345 2631 1419 2656 Orac
1423 2630 1500 2657 ulum
1517 2631 1666 2657 metricum
1683 2641 1726 2667 ap.
1738 2631 1873 2667 Porphy.r

159 2682 241 2702 runt:
266 2681 392 2702 ceterum
409 2674 532 2711 plurium
555 2672 762 2700 sententiarum
783 2672 915 2699 lacunam
937 2680 996 2698 77077
1038 2671 1080 2698 De
1096 2671 1164 2697 Vita
1179 2671 1283 2698 Plotini
1300 2680 1361 2707 cap.
1375 2670 1468 2697 XXII.
1486 2680 1526 2697 vs.
1538 2680 1663 2706 ,ιο-42.

160 2721 235 2742 ltem.

1883 259 1935 295 49

1884 1341 1936 1379 50
