2206 3021
315 219 392 269 678
743 211 1166 255 ARGUMENTUM

318 313 488 344 actionibus
510 312 754 355 distinguuntur.
801 311 850 342 Ad
866 311 922 342 hoc
938 319 1040 342 autem
1058 318 1092 341 ut
1108 317 1153 340 to-

320 364 386 388 tum
403 356 441 387 sit
456 368 526 387 vere
542 367 650 393 unum,
667 355 738 386 satis
754 355 891 397 profecto
906 354 979 385 facit
991 353 1066 384 ordo
1082 364 1155 383 cun-

319 407 450 436 ctorum,
467 411 547 430 unus
569 399 608 430 ab
630 410 690 429 uno
705 398 818 441 pariter
838 405 867 429 et
890 398 928 428 acl
951 408 1058 427 unum.
1103 396 1154 426 Ex

321 443 369 474 his
383 450 520 485 apparet,
538 453 597 473 non
614 454 676 472 esse
692 440 860 484 probabile,
876 441 955 471 lianc
970 439 1079 470 mundi
1095 449 1157 468 ma-

322 486 443 518 chinam
469 485 588 516 unicam
612 485 764 515 duntaxat
790 484 901 514 babere
925 483 1075 513 animam:
1106 480 1158 511 sed

323 528 512 570 probabilius
527 540 602 564 esse,
615 528 719 570 plures
734 527 771 558 ad
785 539 848 558 esse
864 526 990 564 animas,
1002 533 1029 555 et
1047 524 1159 555 animae

323 572 364 602 lia
384 571 473 614 plura
497 579 608 613 praeter
624 570 810 601 mundanam
827 569 969 605 animam,
986 567 1159 608 animalque

325 614 526 645 mundanum.
575 614 674 655 Atqui
699 622 728 644 ct
752 613 782 643 in
809 613 895 643 nobis
917 623 981 642 esse
1006 610 1158 652 propriam

326 658 435 688 animae
451 665 562 687 nostrae
578 656 778 687 substantiam
794 656 833 686 ab
849 655 913 697 ipsa
934 654 1041 684 mundi
1061 653 1162 683 anima

327 701 515 731 differentem
532 699 602 730 inde
618 699 804 741 conjicimus,
822 698 904 740 quod
920 696 1077 739 proprium
1096 706 1162 725 nos-

328 751 374 774 ter
389 743 508 773 animus
530 743 723 784 liberumque
747 741 880 784 possidet
902 740 1018 771 arbitrii
1034 746 1161 769 motum.

328 788 398 824 Qua
413 786 451 817 de
468 797 499 816 re
515 786 544 816 in
563 785 734 825 Tlieologia
750 785 787 815 de
803 784 897 814 libero
912 783 1103 824 disputantes
1117 792 1163 810 ar-

331 829 420 860 bitrio
433 829 503 860 satis
518 829 645 871 egimus.
671 827 830 869 Alioquin,
845 827 866 857 si
880 838 949 868 pars
965 825 1059 856 totius
1073 824 1162 860 foret,

328 872 430 903 subito
446 872 538 902 totius
559 872 598 902 im
615 879 675 902 ›etu
698 878 866 913 raperetur,
883 880 981 910 neque
1004 868 1082 898 foret
1104 866 1164 897 dis-

330 915 478 946 cursionis
494 883 647 945 rationallis
662 922 691 944 et
707 913 820 944 consilii
836 923 969 953 compos,
986 922 1085 952 neque
1107 909 1162 940 ab·

329 970 428 988 errare
451 965 563 999 posset,
578 957 703 999 quamdo
718 956 842 998 quidem
866 955 966 985 anima
989 953 1097 984 mundi
1120 964 1162 982 er-

330 1013 396 1032 rare
413 1012 471 1031 non
484 1008 592 1043 potest.
620 1000 766 1030 Liberum
782 998 893 1029 veroin
908 997 994 1028 nobis
1005 996 1165 1027 arbitrium

330 1044 421 1074 Plato
443 1043 472 1074 in
497 1043 613 1074 decimo
629 1043 667 1073 de
685 1042 808 1084 Repub.
825 1049 854 1072 et
870 1041 899 1070 in
918 1040 1052 1071 Phaedro
1073 1047 1166 1080 atque

332 1087 454 1118 Timaeo
468 1087 583 1128 absque
597 1085 692 1116 dubio
708 1085 804 1127 ponit,
817 1092 847 1114 et
860 1083 1036 1114 Aristoteles
1051 1082 1167 1124 ubique

331 1130 500 1161 confirmat.
545 1129 678 1159 Omnino
693 1140 764 1158 vero
781 1139 903 1169 ponere,
920 1134 1037 1157 nostras
1051 1125 1167 1156 animas

330 1185 394 1204 esse
417 1181 517 1214 partes
537 1172 646 1203 anima:
669 1170 787 1206 mundi,
803 1169 877 1200 nihil
901 1169 985 1200 aliud
1002 1177 1057 1206 est,
1074 1179 1165 1210 quam

331 1216 442 1252 dicere,
456 1215 533 1245 lianc
544 1215 674 1245 amimam
689 1222 772 1244 tuam
786 1225 849 1243 esse
859 1213 955 1255 ipsam
972 1219 1066 1242 totam
1080 1222 1168 1241 mun-

332 1259 363 1290 di
379 1258 522 1295 animam,
540 1269 699 1299 meamque
716 1256 860 1287 similiter.
902 1255 961 1286 Illa
975 1255 1054 1285 enim
1072 1254 1167 1285 dividi

333 1302 437 1343 nequit
459 1301 489 1331 in
506 1300 603 1331 varias
619 1300 781 1342 portiones,
798 1299 848 1329 sed
867 1304 931 1329 tota
946 1297 1168 1339 individuaque

334 1352 363 1376 et
378 1344 482 1374 eadem
507 1355 631 1386 prorsus
654 1350 697 1373 est
721 1342 809 1373 simul
826 1342 952 1383 ubique.
999 1343 1079 1372 Cum
1097 1352 1169 1371 vero

334 1399 401 1418 mea
424 1399 504 1417 nunc
521 1394 549 1417 et
567 1394 620 1417 tua
642 1386 720 1416 inter
735 1398 765 1416 se
781 1385 904 1416 omnino
927 1391 1100 1427 repugnent
1122 1395 1170 1414 ac-

334 1430 468 1461 tionibus
489 1429 753 1471 opinionibusapie,
770 1436 799 1459 et
822 1428 991 1466 affectibus,
1008 1435 1038 1458 et
1060 1427 1170 1457 babiti-

333 1474 402 1511 bus,
419 1484 479 1503 non
496 1480 622 1514 possunt
644 1472 749 1503 eadem
773 1471 873 1502 anima
895 1472 1063 1512 eademque
1085 1481 1170 1500 mens

334 1517 473 1547 existere.
520 1517 672 1546 Praeterea
695 1515 717 1545 si
740 1514 860 1545 animus
882 1525 968 1544 meus
983 1522 1028 1544 est
1043 1524 1170 1555 quoquo

336 1559 428 1590 modo
450 1570 520 1601 pars
542 1558 651 1589 animae
674 1558 792 1595 mundi,
816 1569 876 1588 non
899 1557 991 1587 habet
1015 1556 1171 1599 propriam

336 1602 537 1639 existentiam,
551 1613 605 1632 nec
618 1601 742 1643 insuper
754 1601 907 1643 propriam
924 1600 1082 1631 actionem.
1100 1600 1172 1630 Non

336 1646 430 1687 igitur
442 1645 607 1675 reflectitur
619 1644 648 1674 in
664 1656 694 1674 se
708 1644 819 1686 ipsum,
833 1655 932 1685 neque
948 1655 978 1673 se
990 1643 1089 1685 ipsum
1106 1649 1173 1684 pot-

338 1696 381 1719 est
397 1688 648 1724 animadvertere,
660 1687 721 1717 imo
734 1694 763 1717 et
777 1695 921 1728 tanquam
938 1698 1008 1728 pars
1020 1685 1173 1728 quaepiam

337 1731 549 1773 angustissima
566 1742 626 1760 non
641 1730 753 1772 poterit
776 1730 926 1760 mundum
944 1737 1042 1760 totum
1059 1729 1174 1770 cogita--

339 1775 420 1805 tione
442 1773 614 1815 complecti,
636 1785 734 1815 neque
757 1784 945 1815 percurrere,
962 1784 1061 1814 neque
1084 1783 1176 1814 super

339 1818 421 1848 hunc
444 1817 594 1847 muudum
618 1816 812 1858 animamque
836 1816 932 1858 ipsius
957 1815 1073 1857 aliquid
1096 1814 1176 1857 cogi-

340 1868 412 1891 tare.
460 1859 627 1890 Considera
643 1871 753 1900 corpus
769 1859 955 1889 humanum:
981 1870 1040 1889 non
1057 1864 1102 1888 est
1118 1858 1175 1888 hoc

340 1903 484 1934 continua
496 1903 637 1944 quaedam
654 1902 753 1944 portio
768 1902 926 1939 mat-binae,
940 1901 992 1932 sed
1009 1901 1176 1932 secundum

343 1946 498 1988 propriam
515 1946 685 1987 sejunctum
704 1953 747 1975 est
764 1946 893 1986 figuram
915 1944 1004 1975 simul
1021 1952 1050 1975 et
1071 1944 1178 1974 motio-

342 2000 421 2020 nem.
457 1990 536 2019 Cum
554 2000 626 2018 vero
640 1988 750 2025 anima,
768 1996 797 2018 et
813 1988 1005 2030 praestantior
1021 1987 1068 2026 sit,
1085 1998 1178 2029 quam

343 2044 464 2073 corpus,
481 2039 510 2061 ct
534 2031 641 2072 figurae
664 2031 756 2072 liujus
779 2031 981 2072 motionisque
1003 2031 1106 2072 origo:
1131 2030 1178 2060 ni-

344 2076 455 2105 mirum
472 2085 531 2104 non
548 2073 634 2115 quasi
651 2074 794 2104 continua
816 2081 861 2104 est
884 2073 1048 2104 mundanae
1070 2073 1180 2104 animae

345 2118 455 2160 portio,
472 2117 522 2147 setl
539 2116 737 2147 substantiam
755 2117 888 2158 possidet
903 2117 1070 2159 propriam.
1107 2117 1179 2147 Jam

345 2172 417 2191 vero
438 2172 536 2201 neque
559 2160 638 2189 faeta
661 2166 703 2189 est
729 2160 768 2189 ab
791 2160 854 2201 ipsa
877 2159 1024 2190 mundani
1047 2159 1181 2201 corporis

346 2204 462 2234 anima:
487 2202 571 2244 quod
595 2203 672 2232 enim
698 2202 762 2244 ipsa
787 2203 867 2239 fau-it,
890 2202 993 2233 mobili
1018 2202 1090 2232 facit
1113 2213 1182 2244 pro-

346 2247 491 2289 prietate:
526 2245 655 2286 ideoque
681 2245 856 2276 mutabilem
882 2245 958 2275 adeo
984 2245 1056 2275 facit
1081 2256 1181 2275 essen-

347 2290 432 2327 tiam,
444 2296 477 2318 ut
494 2297 623 2329 nequeat
640 2288 828 2318 immutabile
840 2288 1004 2329 quicquam
1021 2288 1181 2329 attingere.

348 2333 482 2363 Animus
496 2343 567 2361 vero
580 2339 680 2360 noster
695 2338 723 2361 et
741 2338 856 2361 motum
875 2331 996 2361 resolvit
1011 2331 1040 2360 in
1058 2329 1181 2367 statum,

348 2384 378 2407 et
401 2374 523 2405 mobilia
547 2373 667 2415 subjicit
691 2373 906 2404 innnobilibus.
954 2373 1097 2415 Denique
1113 2385 1182 2403 cmn

348 2418 468 2449 animus
485 2424 584 2446 noster
600 2416 634 2446 sit
653 2416 794 2457 qua-<lam
812 2416 1022 2446 intellectualis
1045 2416 1183 2453 essentia,

351 2461 459 2492 merito
483 2461 515 2490 lit
539 2459 661 2501 proprie
683 2459 721 2488 al)
742 2459 806 2500 ipso
828 2459 1001 2500 simpliciter
1017 2459 1183 2495 intellectu,

351 2516 369 2535 a
384 2516 447 2546 quo
462 2502 594 2532 nascitur
606 2510 635 2532 et
651 2502 750 2531 anima
767 2501 884 2538 muudi,
898 2513 968 2542 quae
983 2509 1011 2531 et
1028 2501 1092 2542 ipsa
1108 2501 1188 2531 sinii-

352 2548 420 2578 liter
449 2545 620 2576 intellectus
649 2544 774 2585 quidam
806 2552 860 2580 est,
892 2543 1003 2574 scilicet
1039 2544 1184 2575 animalis.

356 2590 439 2621 Hinc
461 2588 600 2625 eflicitur,
624 2594 658 2617 ut
681 2587 781 2617 anima
807 2594 910 2616 nostra
932 2586 1025 2627 possit
1053 2586 1188 2617 similiter

354 2641 446 2675 atquc
461 2631 561 2662 anima
577 2629 684 2660 mundi
701 2630 763 2659 lieri
780 2641 904 2671 compos
927 2628 1143 2670 intelligentiae,
1159 2637 1189 2659 et

354 2676 392 2708 ad
416 2675 477 2711 illa,
493 2686 564 2716 quae
588 2684 679 2714 super
701 2672 851 2702 mundum
878 2679 959 2708 sunt,
981 2679 1094 2702 aeterna
1116 2683 1187 2701 eou-

355 2729 496 2761 surgere:
520 2716 646 2758 reliquae
669 2722 771 2746 autem
794 2715 903 2745 animae
925 2723 1036 2756 prat-ter
1056 2714 1190 2745 intellec-

1196 210 1426 250 MARSIL.
1460 208 1565 248 FIC.

1198 307 1306 344 tuales,
1330 307 1378 337 vel
1400 305 1511 336 exoriri
1535 304 1583 335 vel
1610 304 1742 348 pendere
1766 316 1784 336 a
1805 304 1912 336 mundi
1936 303 2037 335 anima

1198 358 1336 394 possunt.

1202 438 1246 465 De
1260 437 1360 474 duplici
1375 438 1474 467 anima,
1487 439 1514 462 et
1526 436 1596 472 quod
1610 436 1705 462 animae
1720 438 1815 462 nostrae
1830 444 1881 461 non
1896 438 1958 461 sunt
1969 443 2036 470 par-

1487 479 1524 503 tes
1540 477 1635 503 anirnae
1649 476 1749 503 mundi.

1246 525 1284 555 In
1299 523 1398 565 capite
1421 523 1556 553 secundo
1571 522 1691 553 notabis
1713 522 1925 564 imperfectum
1942 520 2040 563 quod-

1203 567 1275 597 libet
1292 567 1321 596 in
1337 566 1446 608 quovis
1467 577 1578 608 genere
1601 564 1810 596 reducendum
1826 576 1889 595 esse
1910 564 1948 595 ad
1969 575 2039 606 per-

1203 610 1317 640 fectum
1344 608 1459 650 aliquid
1486 609 1517 639 in
1545 608 1650 639 eodem
1678 619 1788 650 genere
1814 607 1959 650 positum,
1987 617 2042 649 per

1204 652 1288 694 quod
1305 652 1470 682 reducatur
1485 652 1523 682 ad
1539 651 1708 694 perfectum
1732 650 1848 693 aliquid
1872 661 1965 692 supra
2008 661 2024 680 e

1205 707 1284 726 nus:
1322 694 1452 736 ideoque
1478 694 1610 725 animam
1636 694 1752 724 ratione
1778 701 1929 724 carentem
1957 661 2043 723 veffut

1206 738 1519 780 imperfectaquuae
1541 744 1571 768 et
1594 748 1664 779 pars
1686 736 1844 780 compositi
1867 743 1924 773 est,
1946 743 1977 766 et
1999 735 2044 765 in-

1207 781 1383 812 strumentis
1412 780 1534 811 addicta
1559 780 1722 822 corporeis,
1747 779 1953 810 reducendam
1981 789 2045 809 esse

1207 824 1246 855 ad
1261 823 1438 855 rationalem
1454 822 1751 864 intellectualemque
1766 822 1909 859 animam,
1926 821 1972 852 sui
1989 821 2042 863 ju-

1207 868 1248 898 ris
1263 875 1293 898 et
1308 867 1338 897 in
1354 878 1385 897 se
1400 874 1549 909 perpetuo
1564 866 1776 897 consistentem
1789 877 1795 896 :
1819 865 1913 907 idque
1932 864 2044 895 facien-

1207 910 1282 941 dum
1306 922 1370 940 esse
1393 917 1457 940 tum
1481 909 1513 939 in
1535 909 1632 946 nobis,
1653 916 1720 939 tum
1743 908 1773 939 in
1796 907 1998 944 daemonibus,
2014 913 2045 937 et

1208 953 1311 989 stellis,
1328 952 1527 995 spba’risque,
1544 959 1574 983 et
1589 951 1714 982 mundo.
1746 952 1824 989 Quae
1839 950 1941 993 opinio
1957 949 2046 981 valde

1209 1005 1354 1027 consonat
1370 1007 1438 1026 cum
1457 994 1678 1037 Peripateticis,
1694 994 1772 1025 duos
1795 994 1825 1024 in
1848 993 1927 1025 caelis
1950 1000 2045 1024 moto-

1210 1051 1257 1070 res
1280 1039 1336 1070 rite
1359 1038 1540 1075 locantibus,
1556 1049 1689 1080 quorum
1712 1037 1788 1068 alter
1803 1036 1920 1079 corpori
1941 1035 2046 1067 mobili

1211 1082 1249 1113 sit
1271 1082 1463 1124 conjunctuS,
1481 1089 1514 1112 ut
1537 1081 1646 1118 forma,
1662 1080 1844 1122 mobilisque
1867 1079 1904 1110 sit
1926 1087 2045 1110 motor:

1210 1125 1286 1156 alter
1311 1133 1413 1155 autem
1445 1124 1482 1155 sit
1511 1131 1610 1154 motor
1637 1123 1865 1165 quodammodo
1892 1130 2049 1164 separatus

1210 1167 1471 1209 immutabilisque
1494 1175 1524 1198 et
1544 1167 1677 1209 primum
1701 1166 1842 1197 motionis
1864 1165 2048 1208 principium

1211 1219 1304 1253 atque
1321 1211 1398 1241 finis.
1437 1210 1571 1241 Proinde
1587 1209 1736 1240 Platonici
1753 1209 1878 1251 quidam
1895 1219 1955 1239 non
1972 1207 2046 1250 legi-

1212 1254 1288 1291 timi,
1305 1254 1357 1296 qui
1374 1253 1527 1290 dicebant,
1543 1253 1702 1283 hominum
1725 1253 1840 1283 animas
1863 1263 1926 1282 esse
1948 1259 2051 1293 partes

1211 1297 1321 1328 animae
1344 1296 1463 1334 mundi,
1484 1296 1599 1326 interea
1622 1296 1798 1326 fatebantur
1820 1295 1915 1337 ipsam
1942 1293 2050 1324 mundi

1212 1340 1343 1370 animam
1365 1352 1428 1370 esse
1451 1339 1650 1370 substantiam
1676 1338 1877 1375 individuam,
1894 1337 2051 1379 sempiter-

1213 1394 1294 1420 nam,
1311 1394 1415 1419 unam,
1433 1382 1610 1424 simplicem,
1627 1381 1743 1423 ubique
1765 1388 1859 1412 totam
1875 1393 1881 1411 :
1906 1388 1936 1411 et
1959 1391 2051 1422 prop-

1214 1434 1295 1457 terea
1311 1432 1531 1467 consequenter
1546 1425 1712 1461 addebant,
1728 1423 1897 1466 quamlibet
1920 1422 2051 1453 hominis

1213 1469 1343 1500 animam
1368 1480 1431 1499 esse
1457 1468 1566 1499 animae
1591 1467 1758 1498 mundanae
1783 1467 1980 1503 conformem,
2006 1474 2051 1497 to-

1214 1520 1338 1554 tamque
1360 1511 1449 1542 simul
1465 1519 1495 1542 et
1510 1511 1615 1542 cadem
1637 1510 1849 1552 attingentem,
1866 1521 1936 1552 quae
1953 1509 2052 1551 tangit

1215 1563 1245 1586 et
1260 1555 1361 1586 anima
1376 1554 1494 1585 mundi.
1528 1555 1588 1585 His
1605 1554 1711 1596 utique
1726 1553 1832 1596 positis
1848 1564 1908 1583 non
1924 1559 2053 1594 possunt

1216 1599 1348 1629 animam
1376 1597 1484 1628 mundi
1505 1598 1537 1628 in
1563 1605 1680 1628 nostras
1703 1596 1746 1627 ita
1772 1607 1882 1633 secare,
1906 1595 1982 1626 sicut
2006 1594 2053 1625 vel

1216 1641 1398 1683 magnitudo
1421 1640 1563 1682 quaedam
1588 1640 1618 1670 in
1641 1639 1816 1682 particulas,
1837 1639 1885 1669 vel
1908 1649 2055 1668 numerus

1217 1685 1247 1715 in
1264 1684 1395 1715 unitates
1411 1683 1506 1714 dividi
1522 1683 1606 1714 solet.
1652 1683 1701 1714 Sic
1716 1682 1795 1713 enim
1812 1681 1874 1719 illa,
1890 1693 1961 1723 quae
1982 1680 2055 1711 dici-

1218 1736 1269 1759 tur
1284 1727 1378 1758 totius
1400 1727 1511 1764 anima,
1528 1726 1678 1768 ejusmodi
1696 1725 1843 1756 divisione
1866 1724 1988 1766 periret,
2004 1735 2056 1754 ne-

1218 1783 1279 1813 que
1294 1778 1420 1801 restaret
1437 1781 1506 1801 una.
1554 1770 1625 1800 Non
1642 1776 1771 1812 possunt
1786 1768 1911 1810 insuper
1925 1767 2007 1798 illam
2024 1767 2054 1797 in

1219 1814 1274 1844 has
1289 1813 1437 1849 dividere,
1453 1813 1529 1843 sicut
1545 1812 1627 1843 calor
1642 1812 1736 1842 totius
1751 1811 1885 1853 corporis
1903 1810 1933 1840 in
1953 1817 2055 1852 partes

1219 1857 1326 1888 caloris
1342 1856 1548 1887 membrorum
1565 1855 1660 1886 dividi
1675 1854 1815 1885 videtur:
1837 1865 1906 1884 nam
1924 1853 2055 1884 animam

1220 1900 1262 1930 illi
1278 1900 1477 1930 substantiam
1490 1910 1553 1929 esse
1566 1898 1673 1929 volunt
1688 1898 1719 1928 in
1735 1908 1861 1939 corpore
1875 1907 1935 1927 non
1952 1903 2057 1926 exten-

1221 1954 1294 1974 sam.
1341 1942 1436 1984 Atqui
1452 1942 1533 1972 calor
1548 1941 1612 1984 ipse
1634 1952 1694 1971 non
1718 1939 1841 1983 proprie
1858 1946 1987 1973 secatur,
2005 1938 2056 1969 sed

1222 1985 1381 2023 dimensio,
1405 1985 1435 2015 in
1459 1996 1522 2026 qua
1543 1992 1587 2015 est
1611 1984 1710 2015 calor:
1742 1983 1873 2025 ideoque
1895 1981 2059 2024 cujuslibet

1223 2029 1351 2060 membri
1367 2027 1448 2059 calor
1463 2028 1527 2070 ipse
1541 2027 1711 2058 communis
1733 2026 1835 2068 potius
1858 2033 1902 2056 est
1924 2026 2006 2056 calor
2027 2025 2058 2055 in

1224 2080 1311 2115 parte
1333 2071 1477 2114 corporis,
1501 2082 1593 2112 quam
1618 2081 1688 2112 pars
1710 2069 1835 2100 caloris:
1859 2074 2058 2099 veruntamen

1224 2115 1401 2146 divisionem
1430 2125 1485 2156 per
1509 2113 1648 2144 accidens
1675 2111 1903 2154 quodammodo
1932 2111 2059 2184 patitur,

1225 2166 1377 2200 quatenus
1393 2168 1446 2199 per
1462 2156 1667 2187 extensionem
1688 2155 1822 2197 corporis
1844 2166 1933 2196 aequa
1946 2154 2002 2185 iter
2016 2160 2060 2184 est

1226 2209 1379 2237 extensus,
1396 2200 1496 2230 anima
1512 2211 1584 2230 vero
1599 2210 1659 2229 non
1675 2199 1727 2229 ita.
1770 2199 1850 2228 Nam
1867 2197 1983 2239 absque
1998 2195 2061 2226 ulla

1225 2244 1400 2275 extensione
1417 2254 1471 2273 sua
1486 2242 1735 2283 dimensionequc
1750 2240 1988 2272 dimensionibus
2010 2238 2062 2269 ad-

1226 2295 1296 2324 stat,
1313 2295 1344 2317 ut
1362 2285 1523 2316 divisibilia
1542 2297 1676 2327 quaeque
1699 2284 1904 2325 distantiaque
1928 2281 2059 2324 perfecte

1226 2337 1385 2361 connectat
1401 2329 1429 2358 in
1448 2339 1554 2358 unum.
1594 2329 1704 2369 Neque
1720 2333 1847 2370 possunt
1863 2335 1983 2357 rursum
1999 2324 2061 2355 (lis-

1228 2373 1361 2404 tribuere
1376 2371 1483 2402 mundi
1499 2371 1629 2401 animam
1647 2371 1688 2401 sie
1704 2371 1733 2400 in
1750 2377 1877 2405 nostras,
1890 2376 1925 2399 ut
1940 2367 2063 2398 scientia

1229 2424 1291 2446 tota
1304 2416 1334 2446 in
1347 2427 1416 2445 suas
1431 2414 1625 2445 distribuitur
1637 2413 1784 2444 notiones.
1809 2413 1888 2443 Nam
1903 2411 1964 2441 sive
1979 2409 2064 2440 nulla

1229 2459 1266 2489 sit
1282 2466 1393 2500 praeter
1408 2457 1545 2488 notiones
1562 2464 1625 2487 tota
1639 2456 1782 2498 quaedam
1797 2453 1929 2489 scientia,
1945 2452 1987 2483 ita
2002 2463 2062 2483 non

1230 2501 1285 2532 erit
1299 2512 1428 2543 usquam
1443 2511 1503 2530 una
1515 2500 1685 2530 communis
1700 2499 1810 2535 anima,
1824 2497 1885 2527 sive
1900 2495 1937 2526 sit
1953 2502 2064 2537 praeter

1230 2544 1296 2575 illas
1313 2555 1373 2574 una
1384 2543 1538 2585 quaedam,
1552 2554 1610 2573 non
1624 2542 1681 2573 erit
1695 2539 1921 2572 accommodata
1936 2538 2063 2575 mundo,

1231 2587 1282 2617 sed
1296 2587 1438 2617 eminens.
1464 2586 1599 2616 Afl'erent
1615 2585 1747 2626 denique
1762 2583 1802 2613 sic
1817 2590 1934 2612 nostras
1950 2581 2066 2611 animas

1232 2629 1290 2660 dici
1314 2629 1423 2660 animae
1446 2629 1610 2659 mundanae
1632 2635 1743 2670 parteS,
1760 2624 1886 2667 perinde
1907 2635 1941 2654 ac
1958 2623 1981 2653 si
1997 2625 2066 2666 quis

1232 2672 1324 2708 dicat,
1347 2672 1479 2702 animam
1505 2678 1638 2702 nostram
1662 2670 1692 2700 in
1715 2679 1808 2699 manu
1831 2667 1878 2697 vel
1903 2665 1981 2708 pede
2003 2677 2066 2697 esse

1234 2722 1349 2756 partem
1376 2715 1469 2745 totius
1493 2714 1601 2744 animae
1624 2720 1745 2744 nostran.
1791 2710 1841 2741 Sic
1863 2710 1966 2751 itaque
1990 2709 2066 2740 divi-
