2102 3015
187 161 287 210 1426
377 166 379 168 ’
707 164 1000 202 ΝΑΘΑΝΑΗΛ
1030 166 1385 203 ΑΝΤΙΘΕΤΙΚΟΣ

181 267 217 304 ἐν
235 270 306 307 τοῖς
325 266 493 315 σώμασιν
512 268 646 317 ἐνεργεῖ
668 269 724 306 καὶ
743 269 874 317 ἐνεργεῖ
894 268 956 317 μὲν
976 269 1022 315 εὖ,
1042 272 1160 309 καλῶς
1187 269 1228 317 δὴ
1254 271 1311 307 καὶ
1337 272 1408 307 τῶν
1427 269 1587 320 ὀργάνων
1606 269 1739 308 τούτων
1757 270 1909 322 ἐχόντων

183 323 307 367 (τῶνδε
325 326 396 360 τῶν
415 321 575 372 ὀργάνων
595 321 746 373 ἐχόντων
766 324 857 363 Vat.
878 330 919 363 et
941 325 1028 363 Pa1.
1036 325 1065 374 7·
1099 323 1197 362 οὐδεν
1218 325 1246 362 δ’
1268 324 1426 374 ἄριστον,
1446 342 1507 362 του
1530 325 1678 374 ἀρίστου
1696 343 1735 375 γε
1755 327 1812 364 καὶ
1830 326 1910 365 τού-

181 394 251 415 των
270 377 570 425 ἀπολειπομενων.
602 377 711 429 ταύτῃ
735 396 788 417 τοι
814 397 870 417 και
891 379 988 417 ἐστιν
1007 381 1043 417 ἐν
1062 378 1111 420 οἷς
1130 379 1194 427 μὲν
1214 378 1365 419 οὐδενος1
1385 383 1456 418 τῶν
1474 380 1736 428 Βοηθούντων’
1719 380 1816 422 εκτὸς
1836 383 1905 420 δεῖ-

180 449 246 478 ται,
267 433 349 470 ἀλλ’
371 433 474 474 αὐτὸς
494 435 661 484 ἀποχρῶν
679 435 776 472 ἐστιν
796 435 916 486 ἑαυτῶ,
936 438 998 472 τοῦ
1018 435 1317 484 ἐπιπροσθοῦντος
1343 451 1475 475 παντος
1501 435 1623 486 ὥσπερ
1649 436 1844 488 ἀνακύψας·
1873 438 1910 475 ἐν

181 486 231 527 οῖς
260 487 296 526 δε
324 505 381 526 και
409 493 471 526 τοῦ
500 492 714 556 βοηθοῦντος
741 490 870 541 ἐξωθεν
899 492 1014 536 δεῖται,
1038 491 1102 540 οὐχ
1131 492 1177 530 ὡς
1205 491 1482 538 ἐπιλελησμενος
1509 494 1580 529 τῶν
1608 491 1911 541 προεγνωσμένων

181 543 274 581 αὐτῶ
303 545 419 590 δεῖται,
439 544 520 581 ἀλλ’
543 542 636 582 ὥστε
664 543 705 582 τὸ
733 543 997 610 προπλασθὲνω
1022 549 1094 583 πᾶν
1120 547 1175 583 καὶ
1204 544 1359 595 κρύπτον
1381 545 1487 584 αὑτὸν
1510 563 1643 596 σαρκος
1670 545 1775 597 πάχει
1798 547 1910 598 (πάχη

182 598 321 646 Vind.)
344 616 400 636 και
421 600 508 648 ὕλης
525 616 671 648 μιγεντα
697 602 884 648 δυνηθῆναι
908 601 1026 650 ῥᾷστα
1050 601 1155 652 ῥῆξαι
1178 618 1235 638 και
1262 601 1468 648 ἀποθεσθαι,
1489 604 1546 639 καὶ
1565 600 1722 652 καθάπερ
1741 619 1812 652 πυρ
1831 602 1907 641 σώ-

180 671 271 701 μασι
291 653 332 702 δή
353 671 446 692 τισιν
465 656 671 725 ἐμφωλευον
689 672 896 705 παχυτεροις
915 658 958 705 τῇ
978 654 1075 696 ἐκτος
1092 659 1217 707 πληγῇ
1237 657 1435 706 ἐκραγῆναι,
1454 659 1510 695 καὶ
1529 656 1570 695 τὸ
1590 658 1626 695 ἐν
1645 657 1739 695 αὑτῶ
1758 674 1911 706 γνωστι-

181 708 243 746 κὸν
263 711 376 761 φῶς
365 709 453 748 όσον
470 727 526 748 και
549 709 631 756 οἷον,
652 709 849 758 ἐπιστήμην
867 713 990 748 πᾶσαν
1009 715 1170 761 πληροῦν
1189 712 1309 763 δεῖξαι.
1343 711 1400 750 διὰ
1419 716 1522 750 τοῦτο
1549 715 1605 750 καὶ
1633 711 1681 750 ὧν
1700 696 1834 764 ἔφημεν
1852 715 1907 751 αἰ-

180 763 345 812 σθήσεώς
365 771 422 803 τε“
442 766 498 803 καὶ
517 782 580 813 της
598 765 640 817 ἐξ
657 766 762 813 αὐτης
782 766 982 816 φαντασιας
1009 765 1081 814 ἅμα
1109 765 1144 804 δὲ
1169 769 1225 804 καὶ
1252 768 1403 807 διανοίας
1432 769 1488 806 καὶ
1515 766 1631 819 δόξης,
1650 767 1739 817 πρὸς
1757 767 1822 816 τὴν
1840 771 1912 806 τῶν

181 819 292 857 ὄντων
318 820 515 869 ἐπιστήμην
541 822 598 858 καὶ
623 824 769 869 γνῶσιν,
787 822 822 858 ἐν
848 821 948 871 χρείᾳ
977 820 1088 868 δήπου
1117 821 1297 862 καθεστὼς
1327 823 1495 874 φαίνεται,
1515 823 1759 871 πλησσόντων
1787 821 1911 874 ὥσπερ

181 874 287 913 αὐτὸν
306 875 581 925 ἐγκεκρυμμενον
599 879 642 927 τῇ
670 877 737 926 ὕλῃ
763 893 819 913 και
845 875 1151 926 ἀπορῥηγνύντων,
1171 894 1227 914 και
1253 893 1294 926 γε
1319 877 1383 925 τὴν
1401 879 1444 929 ἐξ
1461 878 1566 916 αὐτοῦ
1588 882 1730 929 φαῦσιν
1726 877 1754 899 ³³³
1772 880 1827 917 ἐπὶ
1846 878 1911 945 τήν

183 930 260 978 (τον
280 931 405 970 de.
412 936 424 981 )
445 949 507 978 της
535 949 730 997 επιστημης
759 931 841 969 θεαν
867 949 923 969 και
952 931 1166 979 κατανόησιν
1190 931 1464 980 εκκαλουμενων.
1496 934 1662 980 εντεῦθεν,
1681 951 1771 971 κατα
1789 951 1832 982 γε
1849 951 1911 972 τον

181 985 263 1032 ἐμὸν
283 985 403 1035 λόγον,
423 985 618 1034 ἐπιστήμης
639 987 719 1034 ἡμῖν
738 987 909 1035 ἐγγίνεται
930 990 1073 1035 γνῶσις.
1106 988 1262 1025 ἐντεῦθεν
1282 992 1361 1028 νοῦς
1380 1005 1436 1026 και
1457 991 1546 1026 νοῶν
1566 988 1661 1026 ἔστιυ
1680 988 1767 1035 μετὰ
1787 989 1911 1038 σώμα-

181 1058 240 1080 τος
268 1041 408 1090 ταύτην,
437 1059 493 1079 και
522 1041 723 1088 μεταδιδούς
752 1041 860 1093 λόγω,
889 1041 968 1090 μήτ’
996 1042 1225 1090 ἀναμνήσεως
1253 1044 1360 1091 αὑτης
1388 1045 1507 1091 οὔσης,
1536 1042 1615 1091 μήτ’
1645 1044 1912 1097 ἐπιλελησμένω

183 1096 483 1145 (ἐπιλελησμενων
504 1097 540 1134 W
544 1104 596 1135 at.
604 1101 615 1147 )
644 1100 702 1148 νῶ,
729 1096 818 1135 κατά
847 1114 886 1146 γε
915 1096 977 1135 τὸν
1004 1098 1099 1145 ὑμῶν
1125 1096 1245 1146 λόγον,
1266 1099 1517 1147 e'yywop-ewssp.
1551 1100 1608 1136 καὶ
1626 1099 1743 1137 τοίνυν
1762 1100 1852 1138 οὕτω
1871 1117 1912 1149 γε

181 1170 237 1190 και
263 1151 508 1200 διελήλεγκται
534 1170 590 1190 και
616 1151 761 1190 λέλυται
787 1152 877 1199 τό,τε
900 1152 963 1193 τὰς
991 1152 1188 1201 ἐπιστήμας
1217 1152 1429 1201 ἀναμνήσεις
1458 1158 1553 1201 εἰναι,
1573 1172 1629 1192 και
1649 1153 1689 1192 τὸ
1709 1153 1771 1195 τὰς
1790 1154 1912 1206 ψυχὰς

179 1206 249 1257 πρὸ
269 1211 339 1244 τῶν
359 1207 545 1255 σωμάτων,
565 1207 646 1255 μήτι
667 1225 706 1256 γε
726 1210 894 1256 μηδαμῶς
913 1209 1032 1254 οὔσας,
1054 1207 1201 1258 νομιζειν
1220 1226 1316 1246 ειναι.

237 1262 265 1311 ζ.
289 1263 345 1300 Οὐ
364 1262 434 1310 μὴν
453 1262 550 1301 ἀλλὰ
569 1280 679 1301 ταυτα
698 1262 762 1310 μὲν
780 1265 859 1313 περὶ
879 1264 1048 1312 γενέσεως
1069 1266 1124 1302 καὶ
1145 1265 1349 1315 ἀφθαρσιας
1368 1266 1487 1316 ψυχῆς
1507 1264 1637 1314 εἰρηται
1657 1266 1713 1303 καὶ
1733 1265 1911 1313 δεδεικται,

181 1318 516 1368 συναποδειχθέντος
543 1317 614 1366 ἅμα
641 1335 697 1356 και
722 1323 784 1357 τοῦ
809 1319 897 1366 μήτε
923 1318 993 1368 πρὸ
1013 1322 1083 1357 τῶν
1102 1320 1279 1367 σωμάτων
1298 1319 1361 1359 τὰς
1380 1319 1500 1371 ψυχὰς
1522 1319 1726 1371 ὑφεστάναι,
1746 1320 1824 1369 μήτ’
1846 1322 1908 1359 αὑ-

181 1376 250 1411 τῶν
277 1373 319 1424 ἐξ
345 1373 470 1423 ἑτερων
494 1375 715 1421 μεταβαίνειν
735 1377 781 1414 εἰς
803 1374 915 1424 (ἐφὝ
916 1374 1016 1413 ind
1040 1381 1081 1413 ct
1104 1375 1191 1414 ΡἹΓ.
1199 1375 1256 1423 7
1237 1392 1347 1425 ετερα.
1379 1376 1452 1413 ἐπεὶ
1481 1375 1516 1413 δὲ
1541 1375 1644 1426 ψυχὴ
1673 1379 1823 1414 λυθεῖσα
1850 1380 1912 1415 τοῦ

182 1428 348 1476 σώματος
373 1446 465 1475 μενει
492 1446 547 1466 και
575 1430 614 1467 οὐ
640 1429 856 1480 διεφθαρται,
876 1429 1221 1481 προσεξεταστεῌον
1204 1448 1285 1478 ημιν
1304 1429 1346 1468 ἂν
1366 1448 1426 1479 ειη,
1447 1432 1503 1468 καὶ
1522 1431 1559 1469 τί
1575 1430 1713 1479 δηποτε,
1732 1432 1808 1469 καθ’
1829 1432 1908 1470 ἑαυ-

181 1483 245 1532 τὴν
265 1483 444 1532 γενομένη,
465 1484 588 1561 δράσει
608 1502 663 1522 και
683 1486 852 1531 πείσεται,
872 1502 929 1523 και
947 1488 1023 1526 πῶς
1048 1484 1132 1524 αυτὸ
1161 1484 1203 1534 δι7
1229 1490 1332 1524 τοῦτο
1350 1485 1391 1524 τὸ
1411 1484 1495 1524 εἶναι
1515 1485 1615 1538 ψυχὴ
1634 1486 1836 1554 περισώσει,
1856 1489 1912 1526 καὶ

180 1539 221 1577 τὸ
241 1539 328 1577 ὅλον
347 1538 550 1588 ἀκήρατος·“
576 1542 633 1578 καὶ
657 1539 705 1588 μὴ
731 1539 794 1588 τὴν
821 1541 946 1579 ουσίαν
970 1540 1089 1588 μόνον,
1109 1540 1207 1579 ἀλλὰ
1235 1559 1291 1579 και
1320 1541 1428 1590 αὐτὴν
1455 1541 1627 1590 δήπουθεν
1646 1541 1711 1589 τὴν
1729 1542 1911 1592 ἐνεργειαν,

181 1596 253 1633 ἐπεὶ
272 1596 328 1632 καὶ
347 1598 451 1632 τοῦτο
470 1596 572 1635 τέλος
594 1597 656 1643 τῆς
681 1597 754 1633 κατ’
775 1595 883 1643 αὐτὴν
903 1596 1044 1648 φύσεως
1075 1614 1131 1634 και
1157 1597 1380 1646 δημιουργίας
1409 1595 1621 1645 νενόμισται,
1641 1596 1728 1646 ζῶον
1748 1597 1911 1646 δηλονότι

181 1648 326 1699 λογικὸν
346 1652 483 1688 διοικεῖν
501 1651 575 1688 κατ’
597 1651 767 1699 αἴσθησιν
787 1653 843 1689 καὶ
862 1652 1068 1702 προαίρεσιν
1087 1653 1145 1690 καὶ
1163 1652 1230 1702 ζῶν
1249 1670 1305 1690 και
1325 1652 1536 1699 κινούμενον.
1569 1654 1685 1700 διττῆς
1704 1651 1773 1702 γὰρ
1792 1651 1912 1702 πάσης

180 1708 241 1753 τῆς
268 1704 452 1799 ἀφθάρτου
477 1708 533 1744 καὶ
563 1708 686 1754 νοητῆς
707 1706 849 1758 φύσεως
876 1708 995 1755 οὔσης,
1017 1725 1073 1745 και
1098 1725 1159 1774 της
1178 1708 1241 1755 μὲν
1260 1709 1311 1746 ἀεὶ
1337 1709 1413 1746 καθ’
1433 1707 1558 1755 ἑαυτὴν
1579 1707 1792 1759 ὑφεστώσης
1814 1709 1860 1755 (κ.
1885 1709 1910 1747 ἑ.

182 1761 242 1826 υφ.
260 1762 311 1798 ἀει
327 1761 448 1811 Vat.)‚
465 1779 520 1799 και
540 1761 622 1809 μήτι
642 1779 681 1810 γε
701 1765 869 1811 μηδαμῶς
888 1762 1080 1812 συνιούσης
1099 1766 1146 1804 εὶς
1165 1764 1291 1801 ἕνωσιν
1311 1765 1367 1800 καὶ
1385 1763 1482 1814 μίξιν
1502 1780 1559 1800 και
1578 1766 1705 1812 κρᾶσιν
1724 1762 1911 1810 σωμάτων,

182 1815 224 1863 ην
248 1815 289 1864 δὴ
316 1818 373 1854 καὶ
399 1818 590 1864 δαιμοιίαν·
592 1818 613 1837 '
635 1818 728 1864 ὑμεῖς
748 1817 837 1868 φατε
856 1835 912 1856 και
930 1818 1026 1866 ἡμεῖς
1045 1823 1299 1869 συγχωροῦμεν
1317 1820 1530 1882 ἀποστᾶσαν
1549 1820 1611 1865 τῆς
1629 1817 1770 1867 πρώτης
1788 1819 1912 1868 μοίρας

181 1873 243 1918 τῆς
267 1889 346 1921 περι
375 1889 436 1909 τον
466 1871 677 1922 δημιουργον
705 1874 757 1911 ἀεὶ
784 1873 959 1921 μενούσης
985 1891 1041 1911 και
1070 1874 1324 1942 στρεφομενης·
1356 1890 1444 1911 κατα
1470 1890 1511 1922 γε
1537 1873 1599 1910 τὸν
1623 1872 1706 1921 εμὸν
1732 1872 1912 1924 (ἡμετερον

186 1926 273 1964 Par.
306 1934 347 1965 et
371 1927 407 1965 Ὺ
411 1932 479 1979 at.)
512 1927 633 1976 λόγον,
653 1926 718 1966 κᾶν
747 1929 826 1977 ὑμῖν
853 1928 901 1995 μη
931 1929 1096 1975 δέδοκται,
1117 1930 1177 1967 καί
1202 1946 1243 1978 γε
1270 1929 1362 1966 τοῦτ’
1392 1928 1490 1966 ἔστιν
1519 1927 1616 1966 οὐδὲν
1644 1928 1732 1978 πρὸς
1760 1927 1824 1977 τὴν
1851 1933 1912 1968 νῦν

183 1980 355 2030 ταράττον
382 1982 543 2031 σπουδὴν
572 2001 627 2021 και
656 1983 846 2035 ἀπόδειξιν.
879 1985 1007 2033 ἐκείνης
1035 1989 1118 2034 γοῦν
1142 1987 1213 2023 πᾶν
1239 1987 1346 2031 σῶμα
1374 1983 1496 2031 (σῶμα
1521 2001 1592 2022 παν
1614 1983 1706 2023 Vat.
1733 1991 1775 2022 et
1803 1984 1908 2035 Par.)

184 2036 386 2087 φευγούσης
413 2055 469 2075 και
497 2042 620 2076 πᾶσαν
645 2039 824 2087 αἴσθησιν,
845 2041 907 2086 τῆς
926 2041 954 2077 δ’
976 2040 1093 2089 ἑτερας
1112 2057 1168 2077 και
1191 2038 1280 2077 κατὰ
1302 2038 1431 2078 ταύτας
1451 2038 1492 2086 δὴ
1512 2038 1574 2079 τὰς
1594 2038 1748 2090 ψυχὰς
1735 2043 1822 2087 ομοῦ
1839 2043 1911 2080 τοῖς

184 2091 330 2137 σώμασι
350 2108 590 2141 γεγενημενης,
610 2096 667 2132 καὶ
686 2095 927 2145 συμμεμιχθαι
947 2094 1081 2135 τούτοις
1100 2097 1157 2132 καὶ
1175 2097 1502 2143 συνανακεκρᾶσθαι
1520 2094 1713 2161 εφυκυιαςπ
1735 2096 1807 2141 (και
1826 2098 1910 2147 πεφ.

186 2147 222 2184 V
225 2154 276 2186 at
302 2153 343 2186 et
365 2148 398 2185 P
400 2162 453 2186 {11
458 2151 482 2197 7,
502 2165 558 2186 και
583 2151 751 2197 μηδαμῶς
776 2149 888 2197 ηκιστ’
910 2150 1185 2198 ἀπαναινομενης
1204 2148 1248 2187 τὰ
1270 2149 1421 2197 σώματα
1443 2148 1502 2197 (τα
1526 2150 1619 2197 σώμ.
1643 2151 1756 2189 abest
1776 2164 1799 2189 a
1821 2150 1909 2190 Par.

185 2209 225 2241 et
248 2202 283 2241 V
287 2209 339 2241 at
344 2207 370 2253 7,
386 2203 454 2240 οὔτ’
473 2204 602 2252 ἐκείνην
622 2205 914 2252 σεσωματῶσθαί
929 2206 1005 2243 ποτ’
1027 2204 1125 2243 ἔστιν
1144 2207 1258 2250 εἰπεῖν,
1279 2205 1356 2242 οὔτε
1375 2204 1504 2253 ταύτην
1522 2209 1585 2243 τοῦ
1604 2205 1770 2253 σώματος
1788 2206 1909 2244 ἀπαλ-

185 2261 359 2306 λαγεῖσαν
386 2275 442 2295 και
470 2260 560 2296 τοῦτ’
582 2261 633 2297 ἀει
661 2259 866 2311 φεύγουσαν
894 2277 951 2298 και
979 2259 1305 2310 ἀποστρεφομενην,
1325 2261 1387 2298 οὐκ
1415 2260 1493 2298 ἐστι
1520 2261 1596 2298 καθ
1618 2260 1658 2298 ὃν
1686 2259 1729 2308 δὴ
1754 2263 1811 2299 καὶ
1839 2263 1911 2309 (και

1643 2385 1823 2395 ιιιιι

223 2382 230 2402 ¹
254 2383 324 2410 Cod.
341 2383 402 2410 Par.
418 2384 500 2410 οὐδέν.
627 2388 649 2402 ¹¹¹
666 2384 737 2410 Cod.
754 2385 814 2411 Par.
829 2385 1026 2419 προσ-πλησθέν.
1068 2384 1136 2410 XX.
1153 2386 1220 2419 356.
1238 2395 1264 2421 p.
1281 2385 1346 2421 738.
1362 2394 1409 2421 47.
1427 2385 1512 2412 Basil.
1527 2388 1605 2411 ταῦτα
1620 2386 1647 2412 δε
1663 2397 1695 2412 ως
1711 2396 1761 2411 (ιπο
1780 2387 1853 2418 ηλιου
1871 2386 1910 2412 ἐκ-

225 2429 238 2442 ¹¹
262 2423 333 2450 Cod.
350 2423 410 2450 Par.
427 2423 534 2451 omittit
549 2435 585 2449 τε.
1068 2425 1180 2459 λείψεως
1193 2427 1205 2450 ὁ
1221 2427 1305 2460 σοφὸς
1318 2427 1406 2459 μάντις
1420 2427 1521 2461 καθορᾷ.
1543 2426 1586 2451 ὅτε
1600 2427 1638 2452 καὶ
1653 2425 1737 2459 αἵματι
1752 2425 1783 2452 ἂν
1797 2425 1865 2462 ἐῴκει
1879 2427 1911 2452 τὰ

224 2462 252 2483 :53
275 2464 405 2491 Proxime
428 2464 538 2491 dixerat
551 2465 693 2498 γνωστικὸν
707 2466 772 2499 φῶς.
815 2465 886 2491 Eam
903 2474 1023 2501 cognos-
1066 2467 1110 2498 τῆς
1121 2466 1243 2500 φαύσεως
1257 2469 1307 2492 τῶν
1320 2467 1425 2492 ἀκτίνων
1439 2467 1472 2493 ὡς
1487 2467 1525 2492 καὶ
1540 2467 1599 2493 τοὺς
1614 2467 1716 2500 τοίχους
1730 2466 1814 2498 αἵματι
1829 2467 1911 2492 δοκεῖν

184 2504 267 2532 cendi
283 2510 311 2531 et
327 2505 407 2540 quasi
422 2504 538 2531 lucendi
554 2504 697 2531 actionem
718 2513 794 2531 nunc.
814 2504 940 2531 declarat
955 2514 1026 2531 voce
1066 2506 1220 2536 βάπτεσθαι.

185 2545 383 2572 Alexandrinis
408 2545 569 2581 interprett.
593 2544 716 2581 propria.
760 2545 824 2572 Vid.
848 2545 918 2572 Biel.
940 2545 1025 2572 Thes.
1108 2551 1122 2565 ⁰
1143 2546 1213 2573 Cod.
1230 2546 1294 2574 Par.
1311 2548 1375 2573 ἐστι.
1506 2551 1521 2572 Ρ
1537 2546 1607 2573 Cod.
1625 2547 1686 2573 Par.
1702 2547 1888 2581 ἐγγιγνομένης.

185 2585 236 2612 ΙΙΙ.
253 2595 280 2621 p.
295 2586 361 2621 536.
377 2585 446 2621 ibiq.
463 2584 560 2622 Cyrilli
575 2585 640 2612 Lex.
659 2594 710 2612 ms.
726 2585 821 2612 Brem.
838 2587 944 2620 φαῦσιν,
961 2588 1025 2620 φῶς,
1107 2585 1134 2605 :54
1154 2587 1286 2621 ἀκήρατος,
1302 2587 1378 2623 quod
1394 2592 1544 2623 tantopere
1559 2586 1723 2622 frequentat
1738 2586 1910 2618 Nathanae‘l,

184 2627 291 2661 φέγγος,
308 2635 370 2661 quae
394 2626 493 2653 eadem
515 2625 603 2653 habet
625 2625 705 2653 Suid,
726 2625 755 2652 in
777 2635 857 2653 voce.
900 2626 1027 2652 Zonaras
1068 2636 1122 2653 nec
1136 2627 1413 2664 Platonidisplicuit.
1437 2627 1529 2654 Locos
1545 2626 1708 2664 suppeditat
1721 2626 1910 2654 Ruhnkenius

185 2672 280 2693 autem
302 2666 332 2692 L.
350 2666 400 2694 Gr.
423 2676 449 2703 p.
471 2666 553 2701 1796.
569 2668 675 2701 φαῦσις,
697 2667 772 2701 αὐγὴ,
787 2667 895 2701 φέγγος,
910 2668 1027 2700 λαμπρά-
1069 2666 1104 2694 ad
1119 2667 1191 2693 Tim.
1207 2677 1233 2703 p.
1250 2675 1294 2703 17.

184 2717 234 2739 της.
281 2707 405 2742 Usurpat
428 2707 594 2734 Eustathius
617 2707 703 2734 etiam
728 2706 763 2734 de
786 2707 856 2738 sole,
873 2706 908 2734 ad
923 2706 1025 2743 Odyss.
1108 2706 1136 2727 :55
1158 2707 1201 2734 Cf.
1216 2709 1325 2735 Annot.
1341 2708 1370 2735 in
1386 2707 1491 2735 Plotin.
1508 2717 1534 2743 p.
1548 2707 1595 2743 56.
1609 2707 1643 2738 B,
