2102 3015
440 154 732 192 ΝΑΘΑΝΑΗΛ
762 153 1116 190 ΑΝΤΙΘΕΤῙΚΟΣ
1146 153 1282 190 ΠΡΟΣ
1313 153 1596 191 ΠΛΩΤῙΝΟΝ.
1785 161 1883 200 1417

163 257 227 306 μὲν
245 257 450 333 παχυτέρων
469 259 524 296 καὶ
549 256 806 306 ὑλωδεστέρων,
827 257 908 293 ἀλλ’
930 255 1061 294 ἄτοπον
1080 256 1117 293 ἐκ
1136 258 1206 293 τῶν
1228 256 1325 303 (non
1347 263 1407 295 est
1428 257 1468 295 in
1492 256 1597 306 Vat.)
1617 254 1780 293 τοιούτων
1800 257 1880 291 νοῦν

163 312 395 351 συνεστάναι’“
440 315 495 351 καὶ
515 331 563 351 ετι
582 316 723 362 μᾶλλον
740 310 782 350 ἀν
797 311 1011 360 ἀνοηταίνοιὲ
1030 309 1130 362 ψυχὴ
1151 327 1261 360 νοερα,
1278 312 1421 360 ἀμοιρου
1438 310 1591 359 νοήσεως
1604 309 1723 358 πάσης
1745 308 1878 358 (πάσης

163 367 403 419 1207702Vat.)
426 369 534 416 οὔσης
553 386 614 415 της
634 369 719 416 ὕλης
739 384 795 405 και
813 369 874 415 τῆς
892 368 1032 405 τοιᾶσδε
1050 364 1210 413 μάλιστα
1228 366 1374 416 παχείας
1395 367 1491 414 ὕλης·
1524 384 1551 404 ει
1571 367 1599 403 δ’
1617 366 1658 417 ἐξ
1676 363 1876 403 ἀπλουστε-

161 441 232 473 ρων
251 441 301 473 γε,
321 441 377 462 και
397 421 419 460 ἃ
438 422 482 461 τὰ
507 422 611 470 (και
596 442 616 472 η
640 422 750 474 Vat.)
775 425 898 471 πρῶτα
924 421 1078 473 πεφυκεν
1107 422 1153 461 ὡς
1181 419 1223 469 δὴ
1255 418 1292 467 (ἃ
1312 420 1353 468 δὴ
1374 421 1484 473 Vat.)
1516 422 1620 472 ἀρχαὶ
1648 424 1718 458 τῶν
1746 420 1878 466 ἄλλων,

162 479 326 517 ἀλλὀὐκ
345 478 442 516 ἐστιν
461 479 530 516 οὐδ’
551 479 658 528 εὑρεῖν
677 478 774 516 ἐστιν
793 477 1020 526 ἁπλούστερα
1040 477 1207 524 οὐδαμῶς,
1222 476 1348 513 οὐδ’ἐν
1367 477 1483 516 αὑταῖς
1502 475 1682 516 ἐπινοιαιςις
1702 478 1771 514 τῶν
1790 491 1875 512 τεσ-

162 535 284 584 σάρων
302 533 384 586 ἐξ
360 538 408 571 ὡν
427 532 469 581 δὴ
495 532 615 571 τᾶλλα
642 532 769 571 πάντα·
804 531 1059 579 (τῶν-παντα
1088 531 1225 570 OlnlSIt
1246 531 1355 581 Vat.)
1378 548 1433 568 και
1451 530 1520 579 μὴν
1540 532 1608 569 οὐδ’
1630 531 1671 583 ἐξ
1698 532 1783 578 ὕλης
1813 529 1873 577 δή·

159 592 288 628 πουθεν
314 590 369 627 καὶ
396 588 503 629 εἴδους
532 588 702 626 σύνθετον
728 592 806 628 νοῦς
834 605 890 625 και
918 586 1019 639 ψυχὴ
1044 587 1066 635 ἡ
1092 604 1180 625 κατα
1205 591 1338 632 τοῦτον,
1358 587 1404 626 ὡς
1433 584 1474 623 ἂν
1503 586 1544 634 δη
1570 604 1626 624 και
1651 585 1736 633 αὐτὴ
1763 584 1810 633 μὴ
1839 585 1881 636 ἐξ

160 645 286 683 ἁπλῶν
314 644 494 689 σύνθετον,
524 645 662 681 ἁπλοῦν
691 644 718 680 δ
743 643 793 692 εἴη
822 646 937 691 σῶμα,
967 642 1166 682 συνθεσεως
1194 641 1308 689 ἄλλης
1337 641 1622 689 απηλλαγμενον.
1663 641 1745 679 ἀλλ
1767 658 1794 678 ει
1822 657 1876 678 και

159 704 272 746 τοῦτο,
292 700 369 737 οὕτε
387 698 450 746 τὴν
472 700 560 746 ὕλην
584 698 660 736 ἐστι
685 699 877 747 δυναμενην
896 702 984 736 νοεῖν
1002 697 1147 736 τιθεναι4
1149 728 1157 744 ,
1177 697 1297 748 μέχρις
1317 695 1360 734 ἂν
1379 695 1462 733 αὐτο
1483 695 1524 743 δὴ
1544 700 1645 734 τοῦτο
1664 696 1714 744 εἰἠ
1734 713 1789 734 και
1808 694 1875 743 μό-

161 772 219 793 νον
250 755 326 802 ὕλη,
348 755 424 792 οὔτε
453 753 493 791 τὸ
522 752 611 794 εἶδος
638 753 721 791 αὐτὸ
747 753 789 801 δὴ
815 770 916 791 τουτο
941 771 997 792 και
1022 752 1129 801 μόνον
1155 751 1389 821 θεωρούμενον
1408 749 1505 798 εἶδος,
1526 749 1617 789 ὥστε
1644 753 1699 789 καὶ
1724 752 1820 791 αὖθις
1839 750 1881 802 ἐξ

159 809 316 858 ἀνοήτων
335 809 377 846 ἂν
397 826 476 848 νους
495 808 557 857 εἰἠ·
591 807 609 846 ὸ
629 808 670 856 δὴ
689 812 829 858 πρῶτον
856 811 902 849 ὡς
921 809 1052 847 ἄτοπον
1075 806 1096 856 ἦ
1122 825 1178 846 και
1207 808 1311 846 ἄνουν
1337 810 1442 845 ειπεῖν
1465 805 1650 858 ἐφύγομεν.
1683 809 1738 844 καὶ
1764 807 1877 844 τοίνυν

160 863 261 916 ψυχὴ
281 863 378 913 ζῶσα
398 881 454 902 και
475 881 586 914 νοερα,
606 881 696 902 ουτω
716 863 757 912 δὴ
777 867 832 902 καὶ
852 867 958 912 σῶμα
977 867 1047 902 πᾶν
1066 863 1187 914 φεύγει
1206 862 1298 901 ὥστε
1317 862 1407 901 τοῦτ’
1429 865 1524 908 εἶναι,
1544 864 1600 899 καὶ
1619 864 1740 899 πᾶσαν
1760 861 1878 927 φεύγει

159 919 329 958 σύνθεσιν
349 918 433 957 ὥστ’
455 919 497 971 ἐξ
515 920 619 967 αυτῆς
638 917 735 957 εἶναι.
767 937 822 957 και
847 918 916 967 μὴν
940 921 996 958 καὶ
1018 922 1199 959 Πλωτῖνος
1219 936 1275 956 και
1299 918 1380 958 εἴτις
1402 918 1474 965 μετ’
1495 934 1623 955 εκεινου
1645 917 1731 963 (κατ’
1753 918 1879 954 ἐκεῖνον

160 975 253 1014 Vat
259 974 283 1026 ¹)
313 974 382 1024 πρὸ
410 975 514 1012 αὑτοῦ
540 973 560 1022 ἢ
587 975 659 1022 μετ’
681 975 785 1012 αὐτὸν
810 976 921 1024 ὀρθῶς
941 978 997 1012 καὶ
1024 977 1140 1014 καλῶς
1165 974 1370 1023 ἐπεγνωσαν
1395 971 1459 1021 τὴν
1487 973 1592 1020 αὐτῆς
1621 971 1742 1023 φύσιν,
1761 972 1879 1019 ἁπλῆν

158 1030 288 1079 ταύτην
310 1029 444 1076 εἰδότες,
465 1031 521 1068 καὶ
546 1030 652 1078 μηδὲν
671 1029 757 1078 μήτε
783 1029 871 1068 κατὰ
897 1033 1002 1078 σῶμα
1021 1047 1105 1096 μητε
1129 1027 1217 1067 κατὰ
1236 1028 1405 1067 σύνθεσιν
1424 1029 1546 1075 οὐσαν,
1566 1027 1659 1065 α’λλο
1680 1027 1720 1065 δε
1733 1044 1766 1064 τι
1784 1025 1879 1076 παρὰ

158 1090 278 1132 ταῦτα,
301 1085 402 1153 (μήτε
422 1086 513 1124 add
529 1085 623 1124 Vat.
632 1090 643 1135 )
665 1084 772 1123 λύσιν
791 1085 960 1133 μηδεμιαν
985 1084 1071 1133 μήτε
1101 1083 1238 1136 φθοραν
1263 1082 1567 1132 καταδεδεγμενον.
1611 1082 1697 1121 “Orc
1725 1083 1753 1119 δ’
1775 1081 1880 1122 αὐτὰς

157 1140 285 1181 ταύτας
304 1139 343 1180 ἂς
363 1140 494 1191 ἐφημεν
513 1140 642 1191 ψυχὰς,
662 1141 950 1209 προδ77μιουργεῖ5
975 1157 1030 1178 και
1037 1142 1261 1208 προύφιστᾷ
1286 1143 1355 1177 τῶν
1379 1137 1569 1206 σωμάτων),
1585 1155 1641 1176 και
1666 1137 1737 1175 ἅνω
1761 1137 1880 1185 τίθησι

159 1214 214 1234 και
240 1213 302 1234 του
331 1195 470 1245 πρώτου
496 1195 635 1247 ἐξάπτει
662 1213 718 1233 και
743 1194 851 1242 μόνου
874 1195 973 1235 ὄντος
992 1212 1047 1233 και
1073 1194 1147 1234 ἑνὸς
1166 1193 1273 1242 μόνου
1292 1195 1349 1232 καὶ
1367 1194 1527 1242 ἀκινήτου
1548 1192 1657 1240 ὄντος,
1676 1191 1734 1231 εἰτ
1754 1193 1879 1231 ἐκεῖθεν

158 1253 308 1302 ἀποσπᾷ
327 1253 382 1288 καὶ
408 1250 538 1295 βάλλει
563 1250 656 1289 κάτω
682 1268 738 1288 και
763 1252 846 1288 ὠθεῖ
868 1252 922 1289 ἐπὶ
947 1250 1108 1298 σώματα,
1128 1267 1183 1288 και
1208 1250 1288 1301 ἐξ
1273 1267 1396 1299 ετερων
1415 1267 1460 1289 εις
1479 1249 1578 1298 ἕτερα
1597 1247 1803 1297 e'ftBthss‘effl,
1823 1249 1878 1286 καὶ

160 1308 287 1354 (abest
308 1321 328 1345 a
355 1306 399 1344 V
393 1311 461 1357 dt
483 1306 561 1358 ἐξ’
542 1304 730 1354 αμεινόνων
749 1307 805 1343 καὶ
824 1323 981 1355 γνησιων
1001 1306 1118 1345 αυταΐς
1136 1309 1278 1353 μᾶλλον
1288 1311 1308 1325 ¹¹¹
1329 1306 1383 1343 ἐπὶ
1403 1321 1506 1355 χειρω
1530 1321 1585 1342 και
1610 1303 1719 1352 μηθεν
1738 1303 1877 1343 ταύταις

157 1361 394 1429 προσήκοντα,
414 1379 469 1399 και
495 1360 637 1409 πολλην
657 1378 734 1399 τινα
753 1361 871 1410 τιθησι
891 1360 955 1409 τὴν
973 1359 1113 1409 πλανην
1133 1361 1256 1407 αὐτῶν,
1277 1377 1332 1398 και
1351 1359 1395 1398 τὰ
1415 1358 1509 1397 δεινα
1531 1376 1640 1397 ταυτα
1666 1359 1743 1410 εἷ’
1724 1376 1839 1399 ανοιας
1860 1359 1878 1395 ὁ

157 1435 201 1455 τα
219 1416 341 1455 πολλὰ
361 1420 502 1468 φρονῶν
520 1416 652 1467 πάσχει
672 1434 759 1462 νους,
780 1435 801 1454 α
820 1415 906 1464 μηδε
931 1419 975 1467 τῇ
994 1433 1221 1454 πανταπασιν
1240 1414 1361 1468 ἀλόγω
1380 1417 1481 1466 ψυχῇ
1501 1415 1695 1462 συμβαινει,
1716 1431 1817 1452 τουτο
1837 1413 1878 1461 δὴ

158 1474 214 1510 καὶ
243 1472 454 1522 αἰσχύνομαι
482 1475 531 1523 τῷ
560 1470 676 1523 καλῲ7
706 1473 891 1524 Πλωτίνω,
911 1471 959 1519 μὴ
989 1475 1105 1511 καλῶς
1134 1470 1350 1520 δεδογμενον.
1383 1469 1404 1518 ὴ
1430 1487 1533 1511 ποιας
1557 1469 1637 1521 ἐξ’
1618 1487 1771 1519 αναγκης
1790 1486 1877 1519 προς

156 1528 247 1566 τοῦθ’
270 1528 328 1575 ἡκε
357 1545 419 1565 του
447 1528 574 1575 (abest
603 1542 625 1566 a
647 1527 747 1565 vat.¹
749 1532 771 1577 ¹)
800 1525 985 1576 δόγματος,
1011 1544 1067 1564 και
1097 1527 1229 1575 ὑπεστη
1258 1525 1396 1564 τοσόνδ’
1422 1528 1537 1573 ειπεῖν,
1563 1524 1610 1573 μὴ
1640 1525 1728 1575 ἔχων
1756 1524 1877 1564 άλλως

155 1586 279 1634 φυγεῖν
298 1581 361 1630 τὴν
375 1584 468 1630 βιαν,
484 1584 539 1620 καὶ
560 1581 577 1619 ὃ
596 1581 644 1647 μη
664 1580 706 1629 ἦν
726 1583 819 1633 αὐτῷ
837 1585 1092 1632 παραιτεῖσθαι.
1125 1585 1153 1619 εὶ
1171 1581 1234 1629 μὲν
1253 1580 1323 1631 γὰρ
1343 1581 1394 1619 ὅτι
1417 1580 1513 1629 (ὅτ-ον
1529 1580 1650 1619 Vind.
1668 1580 1874 1630 mendose)

153 1655 368 1688 γεννωμενης
387 1639 492 1685 αὐτῆς
513 1637 554 1685 δὴ
573 1636 700 1684 ταύτης
719 1639 780 1685 τῆς
799 1639 963 1688 ψυχης,
948 1636 1021 1685 ἅμα
1039 1641 1110 1677 τοῖς
1130 1637 1215 1687 ζωης
1234 1653 1420 1687 μετεχουσι
1439 1636 1595 1683 σώμασι,
1614 1635 1801 1683 συμβαινει
1820 1652 1876 1672 και

156 1693 468 1743 συγκαταλύεσθαι
494 1694 622 1741 ταύτην
650 1693 765 1732 αὐτοις
791 1694 847 1730 καὶ
874 1692 1011 1743 φθορὰν
1042 1692 1231 1740 ὑπομενειν,
1252 1693 1307 1730 καὶ
1336 1696 1421 1741 γοῦν
1450 1708 1534 1740 οπερ
1563 1692 1670 1737 ἐστιν,
1690 1691 1750 1728 οὐκ
1779 1690 1875 1728 ἐστιν

155 1748 337 1793 ἀθάνατος,
357 1747 454 1786 ἀλλὰ
479 1753 582 1786 τοῦτο
608 1748 683 1785 ουδε
706 1748 790 1790 (οὐδ’
814 1748 904 1786 Vat.
908 1752 936 1799 ⁰)
959 1747 1046 1785 αὐτὰ
1065 1752 1174 1785 ταῦτα
1191 1764 1333 1797 πασχει,
1353 1746 1397 1784 τὰ
1422 1745 1504 1798 ἐξ
1480 1751 1527 1784 ὡν
1546 1745 1707 1794 δηλονότι
1726 1762 1875 1794 πρωτων

154 1806 209 1843 καὶ
238 1805 364 1842 ἁπλῶν
392 1803 501 1841 ὄντων
530 1802 574 1840 τὰ
603 1802 711 1841 λοιπὰ
737 1803 887 1849 σώματα
912 1803 1101 1852 σύγκειται.
1135 1803 1227 1850 με’νει
1254 1802 1290 1840 δὲ
1317 1804 1373 1840 καὶ
1397 1806 1666 1852 μεταχωροῦντα
1690 1802 1725 1838 ἐν
1751 1800 1874 1840 ἄλλοις

1036 1927 1166 1954 AEschin
1184 1937 1204 1954 s.
1218 1937 1244 1954 v.
1259 1928 1343 1958 αὐτὸς,
1359 1927 1454 1963 ibique
1469 1926 1565 1953 laudd.
1594 1925 1675 1953 Adde
1690 1924 1823 1952 Schaefer.
1840 1925 1874 1952 ad

198 1928 212 1948 h
319 1930 325 1938 .
409 1930 414 1938 f

234 1929 296 1956 Par·
315 1930 465 1963 Usp‘sffssv‘ss·
1038 1968 1138 1995 Lamb.
1156 1968 1220 1995 Bos.
1238 1968 1336 2004 Ellips.
1358 1977 1384 2004 p.
1401 1967 1467 2002 308.
1490 1967 1554 1994 coll.
1570 1965 1718 1993 Heindorf.
1734 1966 1768 1992 ad
1785 1965 1871 2002 Gorg.

195 1971 209 1991 3
230 1969 418 2001 Platonicum,
435 1969 489 1996 vid.
504 1968 611 1996 Phileb.
627 1978 654 2005 p.
674 1968 750 1996 12.(l.
774 1968 872 2004 Steph.
889 1978 916 2004 p.
930 1977 994 1995 211.

158 2010 220 2047 Bip.
237 2010 356 2046 Epistol.
371 2009 422 2036 XI.
441 2009 489 2036 fin.
512 2019 538 2045 p.
559 2009 621 2044 169.
660 2009 720 2045 Bip.
736 2009 843 2036 Julian.
860 2009 939 2036 Orat.
957 2008 994 2036 II.

157 2060 185 2087 p.
199 2058 245 2086 57.
275 2050 326 2077 III.
342 2059 369 2086 p.
387 2059 450 2076 111.
480 2049 633 2085 Spauhem.
650 2055 679 2076 et
701 2049 784 2086 hujus
806 2056 865 2076 not.
882 2049 916 2076 ad
933 2049 995 2076 Ari-

156 2091 249 2127 stoph.
264 2090 360 2117 Schol.
375 2090 470 2117 Nubb.
483 2090 550 2124 416.
565 2090 628 2116 coll.
644 2090 803 2126 interprett.
820 2090 854 2117 ad
869 2090 993 2126 Hesych.

158 2131 179 2158 I.
195 2141 222 2167 p.
237 2131 302 2166 386.
319 2131 426 2157 Albert.
460 2129 503 2157 Cf.
520 2129 622 2156 l’lotin.
639 2130 676 2157 II.
693 2140 720 2166 9.
739 2139 763 2158 1.
793 2130 828 2157 V.
845 2138 871 2166 5.
886 2130 904 2157 l.

197 2170 203 2190 i
226 2172 286 2198 Par.
304 2178 334 2198 ut
349 2171 415 2197 Vat.
437 2176 465 2197 et
485 2170 524 2197 sic
547 2170 632 2197 etiam
655 2180 720 2197 mox
740 2171 779 2196 καὶ
794 2171 807 2204 ἢ
822 2172 861 2198 τά.
894 2176 922 2197 et
937 2170 952 2196 ἂ
966 2171 995 2204 δὴ

157 2222 209 2249 pro
225 2212 257 2238 ὡς
271 2211 310 2245 δή.

198 2251 212 2271 k
235 2252 305 2279 Cod.
323 2251 383 2278 Par.
399 2251 527 2278 ἐπινοίαις.
548 2251 587 2276 καὶ
601 2250 656 2284 μὴν.

198 2292 209 2312 4
233 2297 250 2307 “
268 2292 371 2327 Neque
391 2291 511 2318 materia
531 2290 597 2328 poni
618 2296 712 2326 potest
731 2297 867 2327 tanquam
883 2301 917 2319 ea
932 2301 994 2327 quae

157 2333 283 2370 cogitare
307 2337 402 2368 queat,
419 2331 554 2367 quamdiu
579 2331 612 2363 (s.
630 2333 788 2367 quousque)
810 2331 849 2358 nil
866 2332 917 2358 nisi
938 2332 994 2367 ipsa

159 2373 278 2401 materia
302 2377 326 2399 et
351 2372 509 2398 solummodo
535 2371 655 2397 materia
679 2371 736 2402 sit;
767 2381 861 2408 neque
886 2372 994 2408 species

160 2416 310 2459 (tanquam
334 2412 461 2445 cooitans
487 2417 581 2447 potest
606 2411 685 2447 poni)
711 2421 772 2447 quae
795 2422 843 2438 non
865 2413 916 2439 nisi
938 2413 995 2448 ipsa

156 2454 255 2490 species
276 2453 311 2480 sit
332 2457 357 2479 et
377 2452 536 2479 solummodo
551 2451 660 2487 specics
675 2451 709 2478 ad
723 2452 994 2488 contemplationem

157 2493 349 2532 pertinens—’
355 2491 542 2519 ’Tenendum
557 2491 646 2518 rarius
661 2503 700 2517 και
714 2492 855 2528 adjectum
867 2492 995 2520 formulae

158 2536 219 2562 ‹zv-ro
233 2545 310 2560 τουτο
328 2535 414 2567 μόνον
458 2532 538 2559 Plato
554 2531 640 2568 Gorg.
656 2541 684 2567 p.
703 2532 764 2559 132.
787 2532 825 2558 ὅτι
846 2530 894 2559 εἶεν
914 2545 993 2568 παρα-

157 2587 254 2606 ffKssfflt,
270 2576 294 2601 αἱ
307 2576 352 2608 μέν
366 2584 454 2608 μέχρις
469 2573 566 2606 ηδθνῆς,
581 2584 611 2598 GU
613 2573 642 2597 Τὸ
656 2583 732 2597 ΤΟῙΙΤΟ
747 2573 822 2606 μόνον
832 2575 991 2608 παρασΚΕυά-

158 2619 254 2650 (ovam.
297 2614 404 2641 AElian.
416 2613 451 2640 V.
466 2613 502 2639 H.
518 2612 570 2639 III.
587 2621 630 2647 17.
652 2624 665 2645 η
687 2613 748 2638 αὐτο
763 2615 838 2638 τοῦτο
859 2615 936 2646 μόνον
947 2615 993 2648 τὴν

155 2658 266 2683 διάνοιαν
287 2655 376 2690 ἀγαθοὶ
401 2655 538 2689 γενόμενοι.
580 2653 623 2679 De
648 2652 767 2679 solemni
793 2652 914 2680 formula
935 2654 990 2681 vid.

154 2698 247 2733 Toup.
270 2695 305 2723 ad
328 2694 450 2731 Longini
473 2693 572 2730 Fragg.
589 2693 622 2719 V.
647 2702 674 2729 p.
697 2694 762 2729 390.
806 2693 930 2721 Fischer.
956 2694 990 2722 ad

1036 2008 1053 2035 1,
1066 2008 1084 2035 l.
1101 2014 1130 2035 et
1145 2009 1203 2035 Ast.
1220 2008 1254 2035 ad
1271 2009 1379 2035 Platon.
1397 2008 1482 2045 Legg.
1500 2017 1527 2043 p.
1543 2015 1586 2042 27.
1618 2006 1805 2043 Insigniorem
1821 2006 1871 2042 igi-

1037 2055 1082 2076 tur
1097 2048 1164 2076 fecit
1176 2049 1339 2075 Nathauaffl
1356 2049 1382 2075 h.
1398 2048 1418 2075 ].
1439 2047 1643 2075 abundantiam
1668 2056 1724 2083 qua
1745 2046 1875 2083 adjicitur

1036 2089 1065 2116 in
1082 2099 1115 2116 ea
1129 2089 1274 2116 locutione
1289 2091 1381 2123 μόνονε
1403 2098 1438 2115 au
1455 2088 1669 2125 elegantiorem,
1686 2087 1746 2123 ipse
1761 2086 1872 2113 viderit.

1036 2129 1114 2156 Infra
1128 2136 1224 2156 tamen
1240 2138 1422 2156 communem
1436 2128 1590 2156 locutionis
1605 2127 1721 2155 modum
1737 2127 1872 2163 sequitur.

1077 2169 1084 2189 1
1107 2170 1144 2197 Et
1158 2170 1197 2197 sic
1213 2171 1299 2197 etiam
1315 2169 1385 2197 Cod.
1401 2170 1464 2197 Par.

1076 2209 1089 2229 5
1112 2210 1176 2237 Hoc
1198 2211 1286 2238 verbo
1309 2210 1439 2245 augenda
1461 2215 1527 2237 sunt
1542 2209 1654 2236 Lexica.
1699 2208 1798 2243 [Nunc
1821 2207 1870 2234 ad-

1031 2253 1141 2288 jectum
1156 2251 1303 2278 Thesauro
1319 2245 1418 2287 St'eph.
1441 2249 1532 2277 Lond.
1548 2259 1574 2286 p.
1588 2258 1674 2285 3294.
1687 2249 1720 2275 C.
1737 2258 1769 2275 ex
1784 2248 1811 2275 h.
1822 2248 1839 2275 l.
1856 2258 1871 2274 a

1037 2291 1218 2326 ssoissonud]

1075 2330 1088 2351 (3
1110 2331 1165 2358 Vel
1180 2332 1234 2358 hoc
1248 2331 1336 2358 verbo
1354 2330 1445 2368 tangit
1466 2329 1583 2357 fortasse
1599 2329 1760 2356 Nathanaffl
1782 2328 1871 2364 philo-

1036 2372 1189 2408 sophorum
1213 2371 1247 2399 de
1269 2371 1374 2398 humida
1396 2380 1546 2407 corporum
1571 2376 1679 2401 natura,
1696 2369 1742 2396 vel
1756 2368 1790 2396 de
1811 2378 1869 2395 cor-

1036 2422 1104 2448 pore
1120 2419 1256 2448 tanquam
1278 2412 1397 2438 navis-ulo
1419 2411 1609 2447 metaphoras.
1654 2410 1696 2437 De
1711 2410 1798 2437 verbo
1814 2409 1869 2435 vid.

1037 2453 1157 2480 Gatack.
1173 2452 1208 2479 ad
1224 2454 1313 2480 Marc.
1330 2452 1466 2479 Antonin.
1482 2451 1517 2478 X.
1535 2451 1560 2478 8.
1583 2461 1610 2487 p.
1624 2459 1690 2486 359.
1724 2450 1765 2476 De
1780 2449 1868 2485 philo-

1036 2494 1189 2529 sophorum
1205 2493 1317 2529 placitis
1331 2493 1456 2519 Annotat.
1474 2492 1507 2519 ad
1524 2491 1625 2518 Plotin.
1642 2500 1667 2527 p.
1681 2490 1727 2526 56.
1741 2490 1769 2516 F.

1076 2539 1099 2553 m
1121 2534 1190 2561 Cod.
1207 2534 1268 2560 Par.
1284 2535 1382 2567 μᾶλλον
1398 2534 1491 2559 αὐτοῖς.
1526 2532 1595 2558 Mox
1609 2532 1685 2565 μηδὲν
1700 2539 1749 2566 pro
1764 2530 1849 2563 μηθέν.

1074 2572 1085 2594 7
1108 2574 1173 2601 Vid.
1196 2583 1281 2610 supra
1303 2573 1337 2600 acl
1360 2572 1514 2599 Oraculum
1540 2572 1568 2598 in
1595 2570 1729 2607 l'orphyr.
1746 2570 1787 2597 Dc
1805 2569 1870 2595 Vita

1033 2614 1136 2641 Plotini
1153 2624 1213 2650 cap.
1227 2614 1320 2641 XXII.
1337 2623 1423 2640 verss.
1437 2621 1484 2647 43.
1502 2618 1530 2639 et
1544 2620 1592 2646 44.

1073 2660 1088 2674 ¹¹
1110 2655 1227 2682 Omittit
1240 2656 1286 2680 τοῦ
1301 2654 1385 2681 etiam
1402 2653 1462 2679 I‘ar.

1073 2700 1086 2713 ⁰
1108 2695 1145 2721 Et
1160 2695 1199 2721 sic
1215 2695 1275 2721 Par.

1096 2743 1212 2773 5122
