2102 3015
712 170 975 208 ΔΙΑΛΟΓΟΣ
1004 171 1122 207 ΠΕΡΙ
1151 172 1346 208 ΨΥΧΗΣ.
1789 180 1887 221 1445

108 246 189 294 48,

169 276 285 324 ἀγαθῆ
305 275 403 345 τύχη,
423 276 587 323 ἀμείνονα
606 273 803 325 ἀπεργαση,
823 274 859 312 εὖ
878 273 990 312 'laec'
972 290 1025 311 οτι
1048 273 1117 311 οὐδ’
1139 276 1184 313 εἰς
1202 273 1242 312 τὸ
1263 274 1380 312 ἔπειτα
1405 275 1586 322 νομίσαιμι
1611 273 1889 324 ε’λλογιμώτερος

170 331 313 368 ὁτουοῦν
332 334 487 369 εἶναι’.
509 361 516 368 .
538 362 544 369 .
562 348 621 378 μοι
626 330 653 352 ²⁰
672 334 699 367 ὠ
718 329 907 380 πολύκριτε
925 333 987 367 τοῦ
1006 327 1218 376 συνήθους’
1199 346 1251 366 αει
1269 330 1386 380 φαίνη·
1407 347 1463 368 και
1482 330 1542 367 οὐκ
1562 331 1616 368 ε’πι
1635 333 1762 367 ταυτοῦ
1780 332 1888 397 βεβη-

170 385 238 426 κὼς
265 403 459 436 σχηματος,
479 387 561 423 ἀλλ’
582 387 733 436 ἀτεχνῶς·
758 383 916 433 ἄληπτός
940 401 991 424 τις
1016 401 1072 422 και
1098 382 1162 430 τὴν
1181 383 1302 434 ψυχὴν
1321 383 1417 433 γόης·
1448 402 1504 423 και
1523 385 1647 423 τούτου
1666 402 1728 432 μεν
1746 402 1789 423 σε
1809 387 1883 423 εἱσ-

170 444 267 480 αῦθις
286 441 428 488 μέτειμι.
459 442 538 479 τῶδ’
560 442 724 478 ἐνεστῶτι
750 441 810 488 τῆς
837 444 897 478 νῦν
916 440 1025 487 οὔσης
1051 439 1132 486 ἡμῖν
1151 439 1186 475 ἐν
1206 441 1248 488 τῇ
1268 441 1342 488 δρυὶ
1362 440 1558 491 ξυνουσίας,
1578 440 1715 480 εἰκότως
1734 439 1778 478 ἂν
1797 440 1884 478 δεοί-

170 513 240 543 μην
259 513 315 534 και
335 495 379 534 τά
405 495 514 534 λοιπὰ
539 499 755 546 προσθεῖναι·
785 499 812 533 ὠ
838 495 991 543 δαιμόνιε
1017 511 1044 532 ει
1069 493 1247 543 πειρώμην
1266 495 1443 545 ἀσφαλῶς
1468 499 1573 533 ειπεῖν
1592 494 1653 534 τὸν
1673 499 1753 533 νοῦν
1772 496 1800 533 τ’
1822 496 1885 533 ἀν-

171 550 262 601 δρὸς,
283 549 310 588 ῶ
336 568 401 589 τινι
429 551 606 602 χρώμενος
631 554 678 591 εἰς
703 568 782 590 τους
808 552 888 600 περὶ
913 551 1033 602 ψυχῆς
1059 551 1186 596 καθῆκε
1211 547 1350 597 λόγους,
1370 549 1491 597 εὑηθης
1515 549 1578 598 μὲν
1601 550 1726 598 ἐσομαι
1751 550 1888 600 μακράν

170 623 240 644 που
259 606 429 644 ἐκπεσών·
461 623 520 644 σοι
539 606 575 644 τὲ
594 623 650 644 και
669 608 756 643 τῶδε
775 609 825 643 τῶ
843 606 940 644 παιδὶ
959 605 1099 654 γελωτα
1118 603 1160 642 ἂν
1179 604 1218 642 οὐ
1236 603 1360 653 μικρὸν
1378 605 1531 656 παρεξω.
1562 605 1650 656 ἀτὰρ
1670 606 1710 644 οὑ
1736 623 1776 654 γε
1803 605 1888 645 ἰσως

170 661 358 709 βούλομαι,
377 662 439 699 οὐκ
459 661 529 700 ἄπο
549 660 642 709 οἶμαι
661 674 814 708 πεσοιμι·
840 664 905 699 ποῖ
921 659 975 708 δή.
1007 659 1060 698 ὅτι
1079 676 1137 708 μοι
1156 661 1251 697 δοκεῖ
1266 659 1366 699 οὗτος
1385 658 1567 708 ἄνθρωπος
1586 659 1708 710 πεῖράν
1726 678 1803 699 τινα
1822 661 1885 698 αὑ-

170 716 230 756 τὸς
249 718 309 764 τῆς
329 718 384 754 ἐπὶ
403 719 452 768 τῷ
472 717 587 765 λέγειν
606 716 709 768 ἕξεως
728 718 838 754 ἑαυτῶ
863 717 1013 766 προθεὶς,
1034 715 1137 753 ἔπειθ’
1158 713 1280 764 ὥσπερ
1299 715 1335 752 ἐν
1353 715 1560 764 παλαίστρα
1584 714 1700 753 πάντα
1724 720 1833 754 ποιεῖν
1851 733 1887 753 τε

171 773 228 809 καὶ
246 771 400 822 πάσχειν
418 770 670 819 ἐνδεικνύμενος
689 773 725 809 ἐν
744 774 793 823 τῷ
811 772 941 823 ἀφανεῖ
956 775 1027 811 τοῖς
1046 770 1183 817 ἄλλοις,
1202 769 1255 808 ὅτι
1274 771 1348 818 ἐμοὶ
1366 769 1429 817 μὲν
1449 770 1558 809 οὐδεὶς
1583 768 1626 807 ἂν
1644 771 1793 821 εὐτυχῶς
1819 771 1887 808 οὐδ’

170 828 227 865 ἐπὶ
245 829 294 878 τῷ
313 827 418 864 αὑτοῦ
437 826 547 876 κέρδει
565 827 803 875 συμπλακείη.
835 827 904 864 οὐδ’
925 825 1017 866 ὅλως
1036 825 1181 877 ἅψαιτο.
1213 829 1353 864 πολλοῦ
1372 823 1489 873 μέντοι
1512 824 1631 873 δεήσοι
1650 827 1889 875 χειρώσασθαι

170 885 198 919 εἰ
217 881 265 929 μὴ
284 881 408 929 με’λλει
426 882 519 919 αὐτῶ
537 881 660 920 πολλὰ
680 881 925 929 αἰτιασάμενος
943 881 1098 930 οἰμώζων
1118 880 1277 931 οἴχεσθαι
1294 881 1417 918 αὐτίκα
1435 879 1505 930 γὰρ
1523 879 1623 928 μάλα
1641 881 1887 933 συγκαφθεῖςΊ21

170 939 212 984 τῆ
232 939 424 985 συμπλοκῆ
444 936 576 988 ἀχανὴς
594 936 631 975 τὲ
652 938 707 975 καὶ
727 937 866 986 ἰλίγγου
885 936 1015 985 μεστὸς
1035 936 1145 982 ἔσται,
1165 935 1242 974 οὐδὲ
1271 937 1384 985 διᾶραι
1409 936 1581 974 τούπίπαν
1600 934 1644 973 τὰ
1663 936 1763 985 χείλη
1783 936 1885 974 δυνά-

169 1009 283 1039 μενος.
315 993 425 1032 οὕτως
444 992 585 1042 ἄπειρόν
604 1009 637 1030 τι
656 994 767 1040 ἀλκῆς
786 994 905 1043 χρῆμα
923 993 965 1039 τῆ
985 993 1086 1060 ψυχή
1105 1008 1164 1039 μοι
1183 990 1385 1041 τέθραπται.
1417 992 1491 1039 ἐμοι
1515 1008 1632 1039 μεντοι
1658 990 1775 1042 ε’ξεστι
1798 1009 1886 1040 προ-

169 1046 354 1098 χειρότατα
376 1048 432 1085 ἐπὶ
450 1046 577 1088 κόνεως
603 1047 751 1095 ἐμαυτὸν
770 1050 997 1093 καταβαλεῖν·
1028 1063 1085 1084 και
1104 1046 1226 1096 ἀγχειν
1245 1063 1286 1095 γε
1305 1047 1341 1084 ἐν
1361 1045 1492 1095 λόγοις,
1513 1064 1539 1084 ει
1558 1045 1682 1084 τούτου
1707 1063 1749 1094 με
1775 1046 1890 1096 ἵμερος

171 1105 267 1152 αιρεῖ
295 1102 340 1140 τά
359 1119 395 1140 τε
414 1101 572 1152 πρόσθεν
587 1106 658 1142 τοῖς
676 1101 931 1153 ἐντυγχάνουσι
950 1101 1123 1153 φοβερὰ’
1107 1102 1247 1151 εγγίσαι
1267 1118 1323 1139 και
1343 1102 1587 1152 ἀνεπιχειρητα
1605 1101 1685 1142 ε’ίτις
1703 1101 1890 1151 προσάγοι,

109 1168 161 1204 49
171 1175 270 1196 ταυτι
297 1158 371 1205 ἐμοὶ
398 1156 518 1208 ῥοίδιον
537 1159 593 1195 καὶ
617 1158 749 1206 νηπίοις
777 1175 824 1198 εις
851 1155 1140 1207 ἀνδραποδισμὸν
1158 1158 1316 1195 εκθεῖναι.
1348 1158 1404 1194 καὶ
1430 1156 1500 1206 γὰρ
1525 1161 1552 1194 ὠ
1577 1155 1755 1201 βελτιστε·
1787 1174 1814 1194 ει
1842 1157 1890 1205 μὴ

171 1212 280 1261 ταύτη
308 1214 403 1250 ταυθ’
434 1213 561 1262 ἡγεῖτο,
590 1213 777 1263 διαπαίζων
805 1212 885 1264 ἑξῆς
914 1211 1059 1259 πάντας,
1088 1213 1149 1250 οὑκ
1178 1211 1222 1250 ἀν
1250 1216 1393 1250 τοιαῦτα
1420 1211 1620 1262 παρελήρει.
1650 1211 1673 1250 ἃ
1700 1211 1741 1260 δὴ
1771 1212 1892 1250 αὐτίκα

172 1268 302 1316 πεύση.
334 1267 429 1316 λέγω
455 1267 491 1306 δὲ
518 1270 554 1306 ἐν
579 1268 630 1309 οἷς
656 1275 769 1320 φησιν
787 1268 904 1306 λύκων
923 1268 960 1306 τὲ
985 1269 1041 1305 καὶ
1066 1266 1224 1315 πιθήκων
1242 1267 1306 1315 τὴν
1325 1267 1448 1319 ψυχὴν
1466 1271 1708 1316 μετασκηνοῦν
1727 1267 1888 1316 σώματα.

173 1326 220 1364 εἷς
235 1323 408 1372 μεγίστην
426 1322 497 1373 γὰρ
515 1323 680 1362 ἁπάντων
699 1324 847 1374 ἀπορίαν
866 1326 1085 1373 προωθεῖται,
1105 1326 1132 1361 εὶ
1151 1327 1261 1361 ταῦτα
1280 1324 1392 1373 ὀρθῶς
1411 1323 1491 1373 ἔχει·
1514 1322 1623 1361 ἐθέλω
1642 1323 1758 1371 μέντοι
1777 1322 1892 1371 ἐπειδὴ

173 1377 313 1430 ἅπαξ
296 1378 459 1427 υπέστης,
482 1396 539 1416 και
565 1396 625 1417 σοι
650 1379 902 1417 κοινώσασθαι.
934 1379 1017 1417 ἀλλ’
1038 1379 1108 1416 οὐδ’
1129 1378 1199 1427 ἐγὼ
1221 1378 1344 1417 πολλά
1369 1395 1437 1416 σου
1459 1379 1594 1417 ἀκούων
1613 1378 1777 1429 ἄχθομαι·
1808 1396 1891 1417 του-

172 1451 309 1471 ναντιον
328 1451 368 1483 γε
387 1432 466 1482 μὴν,
487 1433 687 1484 θαυμάζοιμ’
709 1433 762 1482 ἂν,
782 1452 809 1472 ει
828 1436 928 1472 τουδε
946 1432 1189 1484 πρεσβύτερόν
1208 1451 1242 1472 τι
1259 1437 1330 1472 τῶν
1349 1434 1441 1482 ἐμῶν
1460 1434 1605 1486 ἀξιοίην.
1626 1435 1749 1472 οὐκοῦν
1769 1452 1796 1472 ει
1814 1435 1892 1472 τού-

169 1505 241 1529 τοις
259 1487 502 1537 πεισόμεθα,’
483 1507 619 1539 αναγκη
639 1489 751 1538 δηπου
770 1507 842 1530 τοις
857 1488 1016 1539 πρόσθεν
1035 1491 1244 1537 ἀπιστῆσαι.
1267 1490 1307 1527 οὐ
1325 1489 1394 1540 γὰρ
1414 1488 1486 1527 οιόν
1504 1507 1541 1527 τε
1561 1488 1633 1538 ἅμα
1652 1491 1802 1529 καλῶς’
1788 1505 1888 1540 εχειν·

169 1561 247 1582 τοτε
272 1562 336 1592 μεν
359 1544 420 1582 τὸν
444 1545 637 1590 βελτιστον
660 1544 849 1596 σωκράτην
875 1545 1023 1595 ἅνδρα’
1010 1544 1095 1583 ὄντα
1119 1543 1319 1595 μαχόμενόν
1344 1562 1381 1583 τε
1405 1545 1603 1595 εῤῥωμενως
1628 1546 1683 1583 ἐπὶ
1708 1548 1894 1594 στρατειᾶς

171 1599 398 1651 (στρατείας)·
431 1602 477 1640 ὡς
502 1599 610 1647 μηδεν
635 1604 720 1638 εἷναι
743 1599 832 1650 πρὸς
857 1600 962 1638 αὑτὸν
988 1601 1095 1640 ἐνίους
1121 1603 1191 1638 τῶν
1217 1599 1441 1650 ἡγεμόνωνῃ·
1472 1604 1543 1641 τοῖς
1568 1617 1604 1638 τε
1630 1603 1700 1638 τῶν
1719 1601 1893 1648 ἀθηναίων

170 1672 355 1704 μειρακιοις
374 1657 420 1695 εὶς
438 1655 545 1693 ταυτὸ
564 1655 761 1705 γυμνάσιον
781 1655 952 1705 ὁσημεραι
971 1658 1160 1707 φοιτῶντα·
1191 1673 1247 1694 και
1266 1655 1370 1694 αὐτὸν
1389 1673 1494 1706 χωρις
1521 1656 1656 1703 ιματίου
1679 1656 1889 1694 παλαιοντα·

171 1709 268 1748 οὐδὲν
283 1709 491 1758 ποιούμενον
512 1711 637 1759 (Fort.
658 1711 898 1759 πονούμενον),
918 1714 946 1748 εὶ
965 1711 1077 1761 γε’ρων
1096 1711 1162 1759 ἤδη
1185 1710 1235 1759 ε’ίη
1261 1710 1385 1761 μικρὸν
1404 1711 1440 1749 δὲ
1468 1712 1564 1751 αὖθις
1589 1709 1804 1760 ἀλεκτρυόνα
1828 1728 1890 1760 γε-

170 1764 309 1813 γονότα,
335 1767 391 1803 ἐπὶ
417 1765 528 1817 ξύλου
554 1783 590 1804 τε
620 1767 740 1805 εὕδειν·
772 1768 829 1804 καὶ
855 1766 954 1804 ἅλλα
985 1765 1026 1814 δὴ
1053 1766 1208 1814 εκθεσμα
1237 1770 1358 1805 ποιεῖν·
1390 1766 1523 1816 μητέρα
1546 1766 1587 1811 (l.
1609 1765 1744 1816 μητέρι)
1770 1765 1811 1814 δὴ
1837 1768 1892 1804 καὶ

171 1821 341 1871 ἀδελφαῖς
371 1819 588 1871 ἐπιχειρόντα
617 1822 820 1871 μίγνυσθαι·
851 1839 906 1860 και
932 1823 978 1862 ὡς
1005 1838 1110 1860 εοικεν
1130 1823 1148 1860 6
1176 1821 1353 1872 καθαρμὸς
1381 1823 1422 1860 δι
1444 1820 1483 1859 ὃν
1501 1820 1586 1859 &ero
1612 1821 1751 1869 ἄμεινον
1769 1821 1893 1871 ἑτέρων

169 1875 386 1922 βεβιωκέναι,
404 1875 501 1914 οὐδεν
521 1875 626 1915 αὐτὸν
646 1878 812 1926 ὀνίνησιν.
842 1894 876 1915 αι
896 1878 1002 1915 καλαι
1022 1876 1057 1916 δὲ
1076 1877 1214 1918 ἐλπίδες
1239 1878 1362 1915 ἐκεῖναι
1388 1876 1441 1917 αἷς
1467 1876 1604 1928 ἔχαιρεν
1622 1878 1668 1917 ὡς
1692 1875 1768 1924 677³
1752 1894 1788 1915 εν
1806 1876 1893 1915 ἅδον

170 1929 476 1979 συγγενησόμενος
502 1931 703 2000 παλαμήδει
727 1932 764 1971 τὲ
790 1933 847 1970 καὶ
872 1933 1055 1983 ἀχιλλεῖῖὂ·
1088 1934 1144 1970 καὶ
1163 1932 1261 1973 ὅσοις
1284 1931 1326 1970 ἂν
1345 1931 1407 1970 τὸν
1423 1933 1502 1978 βίον
1521 1930 1717 1984 σωφρόνως
1744 1933 1893 1970 διελθεῖν

171 1985 335 2036 ὑπῆρξεν,
355 1985 452 2023 οὐδεν
470 1990 611 2034 μᾶλλον
631 1988 771 2038 ὀνείρων
789 1988 969 2039 τέρψασαι
994 1990 1134 2036 σπουδῆ
1154 1986 1298 2038 ὤχοντο.
1329 1989 1347 2026 6
1368 1987 1403 2026 δε
1423 1987 1549 2035 ἐμελλε
1569 2005 1625 2026 και
1643 2005 1730 2035 μετα
1749 1986 1812 2035 τὴν
1831 1992 1892 2025 τοῦ

171 2040 358 2109 φαρμάκου
377 2039 485 2078 πόσιν
505 2042 553 2079 ε’τι
582 2043 619 2080 ἐν
637 2047 785 2093 πειραιεῖ
806 2042 884 2083 ὄνος
910 2060 958 2081 ων
977 2042 1252 2111 ἀχθοφορήσειν.
1284 2060 1338 2081 και
1359 2042 1447 2093 πρὸς
1467 2044 1604 2095 φίλου(
1594 2043 1721 2091 (Folt.
1743 2043 1892 2113 φιλίου),

170 2099 197 2132 ὠ
217 2094 402 2142 τιμόκλεις,
420 2095 469 2143 μή
489 2113 531 2144 με
551 2097 623 2136 οἵου
638 2099 805 2148 παίζοντα
820 2102 963 2136 τοιαῦτα
981 2099 1108 2166 ἐφεξῆς
1127 2113 1238 2148 ειρειν·
1270 2102 1398 2137 πολλῶ
1416 2097 1485 2148 γὰρ
1504 2098 1552 2136 ἐτι
1571 2097 1704 2136 τούτων
1723 2102 1816 2146 οἶμαι
1835 2115 1891 2146 γε-

170 2149 331 2200 λοιότερα
350 2149 411 2188 τὸν
430 2155 511 2189 νοῦν
530 2169 716 2203 προσεχων
735 2155 830 2194 ἄντις
850 2154 948 2192 εἰποι.
981 2154 1103 2193 ἄλλως
1121 2171 1158 2191 τε
1184 2155 1240 2191 καὶ
1267 2156 1294 2191 εἰ
1321 2152 1451 2220 εὐφυὴς
1469 2153 1533 2202 τὴν
1553 2152 1706 2192 διάνοιαν
1724 2170 1891 2203 τυγχανοι

171 2205 231 2243 ὦν.
264 2206 338 2253 ἐμοι
358 2205 394 2243 δε
413 2207 482 2244 οὐδ’
504 2208 711 2255 ἀποτολμᾶν
729 2210 920 2253 ἀκίνδυνον,
941 2209 1030 2247 οὕτω
1051 2209 1146 2249 δέους
1165 2212 1214 2261 τῷ
1233 2210 1364 2259 ἀνδρι’
1351 2226 1430 2259 εχω.
1462 2210 1604 2259 ἀπορεῖν
1622 2209 1737 2256 μέντοι
1755 2211 1886 2257 προθυ-

170 2265 300 2308 μοῦμαι
325 2278 413 2309 μετα
441 2278 509 2299 σου
535 2279 627 2300 πανυ
654 2265 803 2313 θαῤῥῶν.
836 2266 893 2302 καὶ
919 2265 1027 2304 οὐδεις
1052 2266 1088 2302 ἐν
1113 2266 1201 2302 τῶδε
1228 2264 1339 2305 ὀκνος.
1372 2263 1461 2314 ἀτὰρ
1481 2263 1499 2302 6
1518 2282 1600 2314 πριν
1618 2264 1742 2312 ἐλεγον
1762 2263 1813 2301 ὅτι
1833 2281 1890 2311 μοι

170 2318 265 2354 δοκεῖ
281 2317 378 2365 ὕβρει
396 2333 462 2354 τινι
482 2317 651 2367 ὀλιγωρία
671 2319 798 2364 (F01t.
822 2321 920 2369 ὕβρει
945 2337 1011 2358 τινι
1030 2318 1051 2367 ὴ
1072 2320 1165 2368 ὀλιγ.
1174 2331 1183 2371 )
1205 2336 1284 2360 τους
1309 2337 1388 2369 περι
1406 2322 1525 2371 ψυχῆς
1551 2318 1795 2366 ἐνστήσασθαι
1822 2318 1887 2357 λό-

209 2421 236 2442 2⁰
258 2423 379 2450 Videtur
396 2432 486 2450 unum
508 2429 620 2450 tantum
642 2425 813 2452 xocabulum
835 2427 971 2454 excidisse
994 2436 1008 2454 e
1050 2427 1107 2454 tico
1123 2436 1185 2463 cap.
1200 2436 1226 2455 τι.

169 2463 263 2490 verbis
287 2463 433 2495 Timoclis,
458 2466 647 2498 ποικιλώτερος,
674 2467 832 2500 σοφώτερος,
858 2473 907 2494 aut
932 2467 1005 2504 ejus·
1091 2466 1118 2487 22
1141 2467 1205 2495 Vid.
1223 2468 1348 2495 Platonis
1368 2468 1489 2495 Conviv.
1513 2477 1538 2504 p.
1557 2475 1620 2493 220.
1638 2476 1679 2502 sq.
1702 2475 1727 2501 p.
1743 2466 1811 2500 463.
1828 2475 1888 2500 sqq.

168 2503 247 2530 modi
263 2503 340 2540 quid.
1053 2508 1176 2535 Bekkeri
1193 2515 1221 2535 et
1235 2518 1262 2544 p.
1278 2517 1342 2544 223.
1360 2508 1387 2535 in
1404 2509 1468 2535 fine.

209 2543 234 2563 ⁴31
260 2545 447 2581 Conjeceram
473 2545 657 2579 συγκαμφθείς.
705 2544 761 2572 Sed
787 2551 887 2582 postea
911 2547 968 2574 vidi
995 2557 1011 2574 a
1092 2548 1120 2568 2¹13
1146 2549 1207 2575 Vid.
1225 2549 1333 2575 Platon.
1351 2549 1438 2586 Gorg.
1455 2558 1482 2584 p.
1497 2556 1562 2584 523.
1577 2557 1601 2575 e.
1625 2555 1690 2582 524.
1707 2555 1731 2572 a.
1769 2545 1888 2582 Apolog.

171 2584 361 2611 constantino
384 2584 674 2612 Manass.An1at0rr
697 2585 796 2623 Fragg.
812 2586 837 2612 V
841 2586 894 2614 ΙΙΙ
952 2597 1008 2624 .p.
1051 2598 1079 2624 p.
1092 2598 1139 2623 4¹·
1164 2589 1303 2615 AEsilhnis
1319 2589 1437 2615 Axion-h.
1454 2598 1480 2624 p.
1500 2589 1562 2623 163.
1579 2597 1620 2623 sq.
1644 2586 1767 2613 Fischcri
1784 2592 1811 2613 ct
1827 2596 1888 2621 qua:

171 2625 384 2661 391.usu1··pa1i
399 2625 454 2652 hoc
468 2625 605 2652 v2erbum
623 2628 673 2651 τῶν
688 2638 736 2661 γαρ
750 2629 829 2652 κακῶν
843 2629 920 2660 πιέζει
935 2639 966 2653 σε
980 2630 1009 2654 τὸ
1051 2629 1133 2664 plura
1148 2629 1255 2656 contuli
1272 2629 1306 2655 ad
1322 2629 1476 2655 Graculum
1492 2638 1532 2654 w.
1549 2637 1595 2662 40.
1612 2636 1672 2662 sqq.
1693 2636 1737 2662 ap.
1756 2626 1889 2662 l'orphyr.

169 2665 248 2699 βάρος
271 2668 309 2691 καὶ
334 2666 473 2700 σινγκάπτει
498 2665 667 2699 (incurvat).
712 2668 854 2693 (aeterum
877 2676 942 2694 cum
965 2678 1010 2695 se·
1051 2669 1096 2696 De
1112 2669 1180 2696 Vita
1196 2669 1299 2696 Plotini
1315 2678 1376 2705 cap.
1390 2668 1484 2695 XXII.
1503 2678 1528 2704 p.
1546 2669 1606 2702 136.
1624 2667 1666 2694 cd.
1680 2666 1788 2693 Fabric.

170 2705 323 2739 quentibus
345 2704 445 2733 confer
460 2715 521 2742 quae
539 2705 687 2733 Chumnus
710 2707 803 2744 attigit
825 2707 854 2734 in
875 2708 1007 2735 Antithe-
