<?xml version="1.0" encoding="UTF-8"?>
<!DOCTYPE html PUBLIC "-//W3C//DTD XHTML 1.0 Transitional//EN"
    "http://www.w3.org/TR/xhtml1/DTD/xhtml1-transitional.dtd">
<html xmlns="http://www.w3.org/1999/xhtml" xml:lang="en" lang="en">
 <head>
  <title>
</title>
<meta http-equiv="Content-Type" content="text/html;charset=utf-8" />
  <meta name='ocr-system' content='tesseract 3.04.00' />
  <meta name='ocr-capabilities' content='ocr_page ocr_carea ocr_par ocr_line ocrx_word'/>
</head>
<body>
  <div class='ocr_page' id='page_1' title='image "./plotinioperaomni02plotuoft_0007.png"; bbox 0 0 2336 3026; ppageno 0'>
   <div class='ocr_carea' id='block_1_1' title="bbox 398 237 1685 321">
    <p class='ocr_par' dir='ltr' id='par_1_1' title="bbox 398 237 1685 321">
     <span class='ocr_line' id='line_1_1' title="bbox 398 237 1685 321; baseline -0.002 0"><span class='ocrx_word' id='word_1_1' title='bbox 398 237 1083 321; x_wconf 59' lang='lat' dir='ltr'>“HAQTINOT</span> <span class='ocrx_word' id='word_1_2' title='bbox 1149 246 1685 319; x_wconf 86' lang='lat' dir='ltr'>AHANTA.</span> 
     </span>
    </p>
   </div>
   <div class='ocr_carea' id='block_1_2' title="bbox 647 493 1449 702">
    <p class='ocr_par' dir='ltr' id='par_1_2' title="bbox 647 493 1449 702">
     <span class='ocr_line' id='line_1_2' title="bbox 647 493 1449 566; baseline -0.004 0"><span class='ocrx_word' id='word_1_3' title='bbox 647 496 706 566; x_wconf 93' lang='lat' dir='ltr'>P</span> <span class='ocrx_word' id='word_1_4' title='bbox 772 495 837 565; x_wconf 92' lang='lat' dir='ltr'>L</span> <span class='ocrx_word' id='word_1_5' title='bbox 902 494 968 563; x_wconf 89' lang='grc' dir='ltr'>Ο</span> <span class='ocrx_word' id='word_1_6' title='bbox 1032 493 1101 563; x_wconf 89' lang='grc' dir='ltr'>Τ</span> <span class='ocrx_word' id='word_1_7' title='bbox 1169 495 1203 564; x_wconf 93' lang='grc' dir='ltr'>Ι</span> <span class='ocrx_word' id='word_1_8' title='bbox 1272 494 1345 564; x_wconf 90' lang='grc' dir='ltr'>Ν</span> <span class='ocrx_word' id='word_1_9' title='bbox 1414 495 1449 564; x_wconf 96' lang='grc' dir='ltr'><strong>Ι</strong></span> 
     </span>
     <span class='ocr_line' id='line_1_3' title="bbox 730 645 1373 702; baseline -0.003 0"><span class='ocrx_word' id='word_1_10' title='bbox 730 645 1027 702; x_wconf 83' lang='lat' dir='ltr'>OPERA</span> <span class='ocrx_word' id='word_1_11' title='bbox 1081 645 1373 701; x_wconf 85' lang='lat' dir='ltr'>OMNIA</span> 
     </span>
    </p>
   </div>
   <div class='ocr_carea' id='block_1_3' title="bbox 244 798 1861 850">
    <p class='ocr_par' dir='ltr' id='par_1_3' title="bbox 244 798 1861 850">
     <span class='ocr_line' id='line_1_4' title="bbox 244 798 1861 850; baseline -0.002 0"><span class='ocrx_word' id='word_1_12' title='bbox 244 799 711 850; x_wconf 84' lang='lat' dir='ltr'>PORPHYRII</span> <span class='ocrx_word' id='word_1_13' title='bbox 774 799 1034 846; x_wconf 85' lang='lat' dir='ltr'>LIBER</span> <span class='ocrx_word' id='word_1_14' title='bbox 1095 799 1202 845; x_wconf 90' lang='lat' dir='ltr'>DE</span> <span class='ocrx_word' id='word_1_15' title='bbox 1267 799 1459 846; x_wconf 88' lang='lat' dir='ltr'><strong>VITA</strong></span> <span class='ocrx_word' id='word_1_16' title='bbox 1521 798 1861 846; x_wconf 88' lang='lat' dir='ltr'>PLOTINI</span> 
     </span>
    </p>
   </div>
   <div class='ocr_carea' id='block_1_4' title="bbox 1012 909 1087 933">
    <p class='ocr_par' dir='ltr' id='par_1_4' title="bbox 1012 909 1087 933">
     <span class='ocr_line' id='line_1_5' title="bbox 1012 909 1087 933; baseline 0 -1"><span class='ocrx_word' id='word_1_17' title='bbox 1012 909 1087 933; x_wconf 81' lang='lat' dir='ltr'>CUM</span> 
     </span>
    </p>
   </div>
   <div class='ocr_carea' id='block_1_5' title="bbox 448 992 1654 1035">
    <p class='ocr_par' dir='ltr' id='par_1_5' title="bbox 448 992 1654 1035">
     <span class='ocr_line' id='line_1_6' title="bbox 448 992 1654 1035; baseline -0.002 0"><span class='ocrx_word' id='word_1_18' title='bbox 448 993 770 1035; x_wconf 88' lang='lat' dir='ltr'>MARSILII</span> <span class='ocrx_word' id='word_1_19' title='bbox 826 993 1051 1034; x_wconf 88' lang='lat' dir='ltr'>FICINI</span> <span class='ocrx_word' id='word_1_20' title='bbox 1107 992 1654 1034; x_wconf 79' lang='lat' dir='ltr'>COMMENTARHS</span> 
     </span>
    </p>
   </div>
   <div class='ocr_carea' id='block_1_6' title="bbox 591 1094 1512 1123">
    <p class='ocr_par' dir='ltr' id='par_1_6' title="bbox 591 1094 1512 1123">
     <span class='ocr_line' id='line_1_7' title="bbox 591 1094 1512 1123; baseline -0.001 -1"><span class='ocrx_word' id='word_1_21' title='bbox 591 1095 643 1122; x_wconf 91' lang='lat' dir='ltr'>ET</span> <span class='ocrx_word' id='word_1_22' title='bbox 664 1094 851 1123; x_wconf 88' lang='lat' dir='ltr'>EJUSDEM</span> <span class='ocrx_word' id='word_1_23' title='bbox 874 1094 1260 1122; x_wconf 78' lang='lat' dir='ltr'>INTERPRETATIONE</span> <span class='ocrx_word' id='word_1_24' title='bbox 1284 1094 1512 1121; x_wconf 73' lang='lat' dir='ltr'>CASTIGATA.</span> 
     </span>
    </p>
   </div>
   <div class='ocr_carea' id='block_1_7' title="bbox 787 1185 1325 1187">
    <p class='ocr_par' dir='ltr' id='par_1_7' title="bbox 787 1185 1325 1187">
     <span class='ocr_line' id='line_1_8' title="bbox 787 1185 1325 1187; baseline 0 0"><span class='ocrx_word' id='word_1_25' title='bbox 787 1185 1325 1187; x_wconf 95' lang='lat' dir='ltr'> </span> 
     </span>
    </p>
   </div>
   <div class='ocr_carea' id='block_1_8' title="bbox 260 1249 1848 1283">
    <p class='ocr_par' dir='ltr' id='par_1_8' title="bbox 260 1249 1848 1283">
     <span class='ocr_line' id='line_1_9' title="bbox 260 1249 1848 1283; baseline -0.002 0"><span class='ocrx_word' id='word_1_26' title='bbox 260 1251 652 1283; x_wconf 90' lang='lat' dir='ltr'>ANNOTATIONEM</span> <span class='ocrx_word' id='word_1_27' title='bbox 677 1251 727 1281; x_wconf 95' lang='lat' dir='ltr'>IN</span> <span class='ocrx_word' id='word_1_28' title='bbox 752 1251 895 1282; x_wconf 88' lang='lat' dir='ltr'>UNUM</span> <span class='ocrx_word' id='word_1_29' title='bbox 920 1251 1110 1282; x_wconf 87' lang='lat' dir='ltr'>LIBRUM</span> <span class='ocrx_word' id='word_1_30' title='bbox 1136 1250 1332 1281; x_wconf 87' lang='lat' dir='ltr'>PLOTINI</span> <span class='ocrx_word' id='word_1_31' title='bbox 1358 1250 1422 1280; x_wconf 87' lang='lat' dir='ltr'>ET</span> <span class='ocrx_word' id='word_1_32' title='bbox 1449 1249 1498 1280; x_wconf 93' lang='lat' dir='ltr'>IN</span> <span class='ocrx_word' id='word_1_33' title='bbox 1525 1250 1848 1281; x_wconf 88' lang='lat' dir='ltr'>PORPHYRIUM</span> 
     </span>
    </p>
   </div>
   <div class='ocr_carea' id='block_1_9' title="bbox 979 1330 1126 1350">
    <p class='ocr_par' dir='ltr' id='par_1_9' title="bbox 979 1330 1126 1350">
     <span class='ocr_line' id='line_1_10' title="bbox 979 1330 1126 1350; baseline -0.007 0"><span class='ocrx_word' id='word_1_34' title='bbox 979 1330 1126 1350; x_wconf 88' lang='lat' dir='ltr'>ADDIDIT</span> 
     </span>
    </p>
   </div>
   <div class='ocr_carea' id='block_1_10' title="bbox 748 1396 1359 1432">
    <p class='ocr_par' dir='ltr' id='par_1_10' title="bbox 748 1396 1359 1432">
     <span class='ocr_line' id='line_1_11' title="bbox 748 1396 1359 1432; baseline -0.003 0"><span class='ocrx_word' id='word_1_35' title='bbox 748 1398 947 1432; x_wconf 91' lang='lat' dir='ltr'>DANIEL</span> <span class='ocrx_word' id='word_1_36' title='bbox 973 1396 1359 1432; x_wconf 82' lang='lat' dir='ltr'>WYTTENBACH.</span> 
     </span>
    </p>
   </div>
   <div class='ocr_carea' id='block_1_11' title="bbox 343 1494 1774 1613">
    <p class='ocr_par' dir='ltr' id='par_1_11' title="bbox 343 1494 1774 1613">
     <span class='ocr_line' id='line_1_12' title="bbox 343 1494 1774 1532; baseline -0.001 -6"><span class='ocrx_word' id='word_1_37' title='bbox 343 1495 645 1527; x_wconf 83' lang='lat' dir='ltr'>APPARATUM</span> <span class='ocrx_word' id='word_1_38' title='bbox 670 1496 911 1527; x_wconf 84' lang='lat' dir='ltr'>CRITICUM</span> <span class='ocrx_word' id='word_1_39' title='bbox 937 1495 1202 1532; x_wconf 85' lang='lat' dir='ltr'>DISPOSUIT,</span> <span class='ocrx_word' id='word_1_40' title='bbox 1228 1495 1420 1526; x_wconf 88' lang='lat' dir='ltr'>INDICES</span> <span class='ocrx_word' id='word_1_41' title='bbox 1445 1494 1774 1526; x_wconf 91' lang='lat' dir='ltr'>CONCINNAVIT</span> 
     </span>
     <span class='ocr_line' id='line_1_13' title="bbox 886 1572 1222 1613; baseline -0.003 -6"><span class='ocrx_word' id='word_1_42' title='bbox 886 1573 929 1607; x_wconf 90' lang='lat' dir='ltr'>G.</span> <span class='ocrx_word' id='word_1_43' title='bbox 959 1573 1006 1607; x_wconf 90' lang='lat' dir='ltr'>H.</span> <span class='ocrx_word' id='word_1_44' title='bbox 1036 1572 1222 1613; x_wconf 87' lang='lat' dir='ltr'>MOSER,</span> 
     </span>
    </p>
   </div>
   <div class='ocr_carea' id='block_1_12' title="bbox 723 1649 1385 1670">
    <p class='ocr_par' dir='ltr' id='par_1_12' title="bbox 723 1649 1385 1670">
     <span class='ocr_line' id='line_1_14' title="bbox 723 1649 1385 1670; baseline 0 -1"><span class='ocrx_word' id='word_1_45' title='bbox 723 1650 774 1669; x_wconf 81' lang='lat' dir='ltr'>PH.</span> <span class='ocrx_word' id='word_1_46' title='bbox 792 1650 845 1669; x_wconf 83' lang='lat' dir='ltr'>DR.</span> <span class='ocrx_word' id='word_1_47' title='bbox 864 1649 1035 1669; x_wconf 73' lang='lat' dir='ltr'>GYMNASII</span> <span class='ocrx_word' id='word_1_48' title='bbox 1053 1650 1224 1670; x_wconf 78' lang='lat' dir='ltr'>ULMENSIS</span> <span class='ocrx_word' id='word_1_49' title='bbox 1244 1649 1385 1669; x_wconf 77' lang='lat' dir='ltr'>RECTOR.</span> 
     </span>
    </p>
   </div>
   <div class='ocr_carea' id='block_1_13' title="bbox 810 1733 1313 1735">
    <p class='ocr_par' dir='ltr' id='par_1_13' title="bbox 810 1733 1313 1735">
     <span class='ocr_line' id='line_1_15' title="bbox 810 1733 1313 1735; baseline 0 0"><span class='ocrx_word' id='word_1_50' title='bbox 810 1733 1313 1735; x_wconf 95' lang='lat' dir='ltr'> </span> 
     </span>
    </p>
   </div>
   <div class='ocr_carea' id='block_1_14' title="bbox 188 1789 1924 1877">
    <p class='ocr_par' dir='ltr' id='par_1_14' title="bbox 188 1789 1924 1877">
     <span class='ocr_line' id='line_1_16' title="bbox 188 1789 1924 1819; baseline -0.001 -5"><span class='ocrx_word' id='word_1_51' title='bbox 188 1791 236 1814; x_wconf 77' lang='lat' dir='ltr'>AD</span> <span class='ocrx_word' id='word_1_52' title='bbox 256 1790 367 1814; x_wconf 81' lang='lat' dir='ltr'>FIDEM</span> <span class='ocrx_word' id='word_1_53' title='bbox 387 1790 548 1814; x_wconf 81' lang='lat' dir='ltr'>CODICUM</span> <span class='ocrx_word' id='word_1_54' title='bbox 569 1789 639 1813; x_wconf 80' lang='lat' dir='ltr'>MSS.</span> <span class='ocrx_word' id='word_1_55' title='bbox 662 1790 708 1813; x_wconf 88' lang='lat' dir='ltr'>ET</span> <span class='ocrx_word' id='word_1_56' title='bbox 727 1790 766 1813; x_wconf 92' lang='lat' dir='ltr'>IN</span> <span class='ocrx_word' id='word_1_57' title='bbox 784 1790 890 1813; x_wconf 79' lang='lat' dir='ltr'>NOVAE</span> <span class='ocrx_word' id='word_1_58' title='bbox 910 1790 1143 1813; x_wconf 78' lang='lat' dir='ltr'>RECENSIONIS</span> <span class='ocrx_word' id='word_1_59' title='bbox 1165 1790 1299 1814; x_wconf 83' lang='lat' dir='ltr'>MODUM</span> <span class='ocrx_word' id='word_1_60' title='bbox 1320 1790 1446 1814; x_wconf 78' lang='lat' dir='ltr'>GRAECA</span> <span class='ocrx_word' id='word_1_61' title='bbox 1466 1790 1677 1819; x_wconf 73' lang='lat' dir='ltr'>LATINAQUE</span> <span class='ocrx_word' id='word_1_62' title='bbox 1700 1790 1924 1817; x_wconf 82' lang='lat' dir='ltr'>EMENDAVIT,</span> 
     </span>
     <span class='ocr_line' id='line_1_17' title="bbox 558 1847 1546 1877; baseline 0.001 -7"><span class='ocrx_word' id='word_1_63' title='bbox 558 1847 696 1871; x_wconf 82' lang='lat' dir='ltr'>INDICES</span> <span class='ocrx_word' id='word_1_64' title='bbox 716 1848 903 1877; x_wconf 75' lang='lat' dir='ltr'>EXPLEVIT,</span> <span class='ocrx_word' id='word_1_65' title='bbox 923 1848 1201 1877; x_wconf 77' lang='lat' dir='ltr'>PROLEGOMENA,</span> <span class='ocrx_word' id='word_1_66' title='bbox 1221 1848 1546 1877; x_wconf 80' lang='lat' dir='ltr'>INTRODUCTIONES,</span> 
     </span>
    </p>
   </div>
   <div class='ocr_carea' id='block_1_15' title="bbox 461 1908 1653 1951">
    <p class='ocr_par' dir='ltr' id='par_1_15' title="bbox 461 1908 1653 1951">
     <span class='ocr_line' id='line_1_18' title="bbox 461 1908 1653 1951; baseline 0.001 -2"><span class='ocrx_word' id='word_1_67' title='bbox 461 1908 827 1950; x_wconf 84' lang='lat' dir='ltr'>ANNOTATIONES</span> <span class='ocrx_word' id='word_1_68' title='bbox 862 1923 1175 1951; x_wconf 86' lang='lat' dir='ltr'>EXPLICANDIS</span> <span class='ocrx_word' id='word_1_69' title='bbox 1210 1922 1361 1950; x_wconf 88' lang='lat' dir='ltr'>REBUS</span> <span class='ocrx_word' id='word_1_70' title='bbox 1397 1924 1449 1950; x_wconf 89' lang='lat' dir='ltr'>AC</span> <span class='ocrx_word' id='word_1_71' title='bbox 1486 1923 1653 1951; x_wconf 84' lang='lat' dir='ltr'>VERBIS</span> 
     </span>
    </p>
   </div>
   <div class='ocr_carea' id='block_1_16' title="bbox 257 2061 1853 2096">
    <p class='ocr_par' dir='ltr' id='par_1_16' title="bbox 257 2061 1853 2096">
     <span class='ocr_line' id='line_1_19' title="bbox 257 2061 1853 2096; baseline 0.002 -4"><span class='ocrx_word' id='word_1_72' title='bbox 257 2061 519 2092; x_wconf 88' lang='lat' dir='ltr'>NICEPHORI</span> <span class='ocrx_word' id='word_1_73' title='bbox 544 2062 893 2094; x_wconf 86' lang='lat' dir='ltr'>NATHANAELIS</span> <span class='ocrx_word' id='word_1_74' title='bbox 916 2062 1303 2094; x_wconf 87' lang='lat' dir='ltr'>ANTITHETICUM</span> <span class='ocrx_word' id='word_1_75' title='bbox 1328 2063 1575 2094; x_wconf 84' lang='lat' dir='ltr'><strong>ADVERSUS</strong></span> <span class='ocrx_word' id='word_1_76' title='bbox 1600 2064 1853 2096; x_wconf 91' lang='lat' dir='ltr'>PLOTINUM</span> 
     </span>
    </p>
   </div>
   <div class='ocr_carea' id='block_1_17' title="bbox 452 2145 1656 2170">
    <p class='ocr_par' dir='ltr' id='par_1_17' title="bbox 452 2145 1656 2170">
     <span class='ocr_line' id='line_1_20' title="bbox 452 2145 1656 2170; baseline 0.002 -2"><span class='ocrx_word' id='word_1_77' title='bbox 452 2145 496 2168; x_wconf 88' lang='lat' dir='ltr'>ET</span> <span class='ocrx_word' id='word_1_78' title='bbox 511 2145 700 2169; x_wconf 79' lang='lat' dir='ltr'>DIALOGUM</span> <span class='ocrx_word' id='word_1_79' title='bbox 719 2146 835 2170; x_wconf 82' lang='lat' dir='ltr'>GRAECI</span> <span class='ocrx_word' id='word_1_80' title='bbox 854 2147 1060 2170; x_wconf 80' lang='lat' dir='ltr'>SCRIPTORIS</span> <span class='ocrx_word' id='word_1_81' title='bbox 1078 2146 1250 2169; x_wconf 80' lang='lat' dir='ltr'>ANONYMI</span> <span class='ocrx_word' id='word_1_82' title='bbox 1270 2146 1452 2169; x_wconf 84' lang='lat' dir='ltr'>INEDITUM</span> <span class='ocrx_word' id='word_1_83' title='bbox 1472 2147 1518 2170; x_wconf 87' lang='lat' dir='ltr'>DE</span> <span class='ocrx_word' id='word_1_84' title='bbox 1536 2147 1656 2170; x_wconf 79' lang='lat' dir='ltr'>ANIMA</span> 
     </span>
    </p>
   </div>
   <div class='ocr_carea' id='block_1_18' title="bbox 997 2220 1115 2236">
    <p class='ocr_par' dir='ltr' id='par_1_18' title="bbox 997 2220 1115 2236">
     <span class='ocr_line' id='line_1_21' title="bbox 997 2220 1115 2236; baseline 0.008 -1"><span class='ocrx_word' id='word_1_85' title='bbox 997 2220 1115 2236; x_wconf 68' lang='lat' dir='ltr'>IIIIIIIII</span> 
     </span>
    </p>
   </div>
   <div class='ocr_carea' id='block_1_19' title="bbox 684 2285 1430 2333">
    <p class='ocr_par' dir='ltr' id='par_1_19' title="bbox 684 2285 1430 2333">
     <span class='ocr_line' id='line_1_22' title="bbox 684 2285 1430 2333; baseline 0.003 -8"><span class='ocrx_word' id='word_1_86' title='bbox 684 2285 1073 2327; x_wconf 78' lang='lat' dir='ltr'>FRIDERICUS</span> <span class='ocrx_word' id='word_1_87' title='bbox 1112 2286 1430 2333; x_wconf 83' lang='lat' dir='ltr'>CREUZER‚</span> 
     </span>
    </p>
   </div>
   <div class='ocr_carea' id='block_1_20' title="bbox 377 2369 1744 2444">
    <p class='ocr_par' dir='ltr' id='par_1_20' title="bbox 377 2369 1744 2444">
     <span class='ocr_line' id='line_1_23' title="bbox 377 2369 1744 2395; baseline 0.004 -8"><span class='ocrx_word' id='word_1_88' title='bbox 377 2369 428 2388; x_wconf 80' lang='lat' dir='ltr'>DR.</span> <span class='ocrx_word' id='word_1_89' title='bbox 446 2369 646 2390; x_wconf 74' lang='lat' dir='ltr'>LITERARUM</span> <span class='ocrx_word' id='word_1_90' title='bbox 665 2371 853 2390; x_wconf 68' lang='lat' dir='ltr'>GRAECARUM</span> <span class='ocrx_word' id='word_1_91' title='bbox 872 2371 914 2391; x_wconf 91' lang='lat' dir='ltr'>ET</span> <span class='ocrx_word' id='word_1_92' title='bbox 933 2372 1139 2391; x_wconf 71' lang='lat' dir='ltr'>LATINARUM</span> <span class='ocrx_word' id='word_1_93' title='bbox 1158 2371 1477 2394; x_wconf 67' lang='lat' dir='ltr'>DOCTRINARUMQUE</span> <span class='ocrx_word' id='word_1_94' title='bbox 1495 2372 1744 2395; x_wconf 74' lang='lat' dir='ltr'>ANTIQUITATJS</span> 
     </span>
     <span class='ocr_line' id='line_1_24' title="bbox 658 2422 1456 2444; baseline 0.004 -3"><span class='ocrx_word' id='word_1_95' title='bbox 658 2422 694 2442; x_wconf 85' lang='lat' dir='ltr'>IN</span> <span class='ocrx_word' id='word_1_96' title='bbox 719 2423 903 2442; x_wconf 79' lang='lat' dir='ltr'>ACADEMlA</span> <span class='ocrx_word' id='word_1_97' title='bbox 927 2423 1232 2442; x_wconf 79' lang='lat' dir='ltr'>IIEIDELBERGENSI</span> <span class='ocrx_word' id='word_1_98' title='bbox 1258 2423 1456 2444; x_wconf 75' lang='lat' dir='ltr'>PROFESSOR.</span> 
     </span>
    </p>
   </div>
   <div class='ocr_carea' id='block_1_21' title="bbox 914 2543 1202 2565">
    <p class='ocr_par' dir='ltr' id='par_1_21' title="bbox 914 2543 1202 2565">
     <span class='ocr_line' id='line_1_25' title="bbox 914 2543 1202 2565; baseline 0 -4"><span class='ocrx_word' id='word_1_99' title='bbox 914 2543 1202 2565; x_wconf 52' lang='lat'>———*——</span> 
     </span>
    </p>
   </div>
   <div class='ocr_carea' id='block_1_22' title="bbox 793 2620 1323 2653">
    <p class='ocr_par' dir='ltr' id='par_1_22' title="bbox 793 2620 1323 2653">
     <span class='ocr_line' id='line_1_26' title="bbox 793 2620 1323 2653; baseline 0.008 -4"><span class='ocrx_word' id='word_1_100' title='bbox 793 2620 1024 2652; x_wconf 88' lang='lat' dir='ltr'>VOLUMEN</span> <span class='ocrx_word' id='word_1_101' title='bbox 1050 2622 1323 2653; x_wconf 81' lang='lat' dir='ltr'>SECUNDUM.</span> 
     </span>
    </p>
   </div>
   <div class='ocr_carea' id='block_1_23' title="bbox 919 2713 1206 2734">
    <p class='ocr_par' dir='ltr' id='par_1_23' title="bbox 919 2713 1206 2734">
     <span class='ocr_line' id='line_1_27' title="bbox 919 2713 1206 2734; baseline 0.003 -10"><span class='ocrx_word' id='word_1_102' title='bbox 919 2713 1206 2734; x_wconf 60' lang='grc'>.--,--</span> 
     </span>
    </p>
   </div>
   <div class='ocr_carea' id='block_1_24' title="bbox 716 2825 1449 2994">
    <p class='ocr_par' dir='ltr' id='par_1_24' title="bbox 716 2825 1449 2994">
     <span class='ocr_line' id='line_1_28' title="bbox 952 2825 1169 2865; baseline 0.009 -8"><span class='ocrx_word' id='word_1_103' title='bbox 952 2825 1169 2865; x_wconf 89' lang='grc' dir='ltr'>ΟΧΟΝΙΙ,</span> 
     </span>
     <span class='ocr_line' id='line_1_29' title="bbox 716 2896 1449 2927; baseline 0.003 -4"><span class='ocrx_word' id='word_1_104' title='bbox 716 2896 739 2923; x_wconf 84' lang='grc' dir='ltr'>Ε</span> <span class='ocrx_word' id='word_1_105' title='bbox 781 2896 933 2924; x_wconf 76' lang='lat' dir='ltr'>TYPOG</span> <span class='ocrx_word' id='word_1_106' title='bbox 944 2897 997 2924; x_wconf 67' lang='grc' dir='ltr'>ΠΛ</span> <span class='ocrx_word' id='word_1_107' title='bbox 1008 2899 1126 2925; x_wconf 66' lang='lat' dir='ltr'>vulco</span> <span class='ocrx_word' id='word_1_108' title='bbox 1168 2899 1449 2927; x_wconf 73' lang='lat' dir='ltr'>ACADEMlco.</span> 
     </span>
     <span class='ocr_line' id='line_1_30' title="bbox 946 2969 1174 2994; baseline 0.009 -2"><span class='ocrx_word' id='word_1_109' title='bbox 946 2969 1174 2994; x_wconf 74' lang='lat' dir='ltr'><strong>MDCCCXXXV.</strong></span> 
     </span>
    </p>
   </div>
  </div>
 </body>
</html>
