2102 3015
562 343 954 401 ΔΙΑΛΟΓΟΣ
1003 346 1178 399 ΠΕΡΙ
1227 347 1503 402 ΨΥΧΗΣ.

338 497 388 542 (Ε
420 498 570 537 Codice
601 497 800 536 Vaticano
838 509 920 536 112.
957 509 1044 548 pag.
1069 509 1133 546 37.
1165 508 1222 533 10.
1286 494 1413 534 Nulla
1443 496 1730 550 inscriptione.)

173 769 309 826 OYT'
331 786 437 824 ἐκεῖνο
458 786 476 823 ὁ
496 785 604 826 καλὸς
623 786 704 834 ἡμῖν
724 787 780 824 καὶ
800 789 861 823 νῦν
879 784 1091 836 πολύκριτος
1109 782 1263 834 στυγνός
1283 801 1319 822 τε
1346 785 1403 822 καὶ
1422 782 1516 822 κάτω
1537 784 1654 822 νεύων.
1687 787 1747 824 οὐκ
1767 786 1897 834 ἄδηλος

168 840 206 879 δὲ
226 842 283 879 καὶ
306 839 487 891 πόῤῥωθεν
507 840 538 879 εἶ
555 844 604 893 τῷ
623 844 824 891 σκυθρωπῶ
843 840 879 879 τὲ
903 842 960 879 καὶ
984 839 1233 893 πεφροντικότι
1251 841 1313 887 τῆς
1333 839 1495 886 διανοίας,
1514 839 1590 887 ἤτοι
1609 845 1767 889 γενναῖον
1786 841 1822 879 τὲ
1843 844 1898 879 καὶ

167 898 302 947 τροφῆς
322 896 432 948 ἄξιον,
448 896 552 937 αὐτος
570 897 651 945 ημῖν
672 895 845 943 ὠδινων,
830 915 851 945 η
870 895 1000 934 πολιάν
1014 913 1092 934 τινα
1111 894 1278 945 μεγάλων
1295 894 1516 945 πραγμάτων
1536 893 1644 946 δόξαν
1664 899 1713 948 τῷ
1731 899 1778 934 νῶ
1793 913 1898 946 χωρις

167 950 373 999 ἀπολαβὼν,
393 952 616 1002 πανταχόθεν
646 952 781 1002 κρούειν
810 953 866 989 καὶ
895 953 1047 1002 ἀτεχνῶς
1075 950 1195 1001 ὥσπέρ
1224 967 1290 988 τινι
1318 949 1437 988 λυδια1
1466 949 1663 1001 προσάγειν
1686 954 1756 991 τοῖς
1779 950 1898 1000 λόγοις

166 1006 277 1055 μήποι
306 1024 393 1056 σιγη
423 1010 587 1045 λαθοῦσα
615 1010 665 1059 τῷ
694 1006 892 1060 φαινομενω
912 1006 1133 1058 ἐξαπατᾶν
1114 1010 1203 1054 ημᾶς
1229 1009 1317 1056 σχοῖ
1341 1005 1427 1044 νόθα
1456 1006 1545 1044 ἅττα
1568 1006 1893 1057 περιαμπίσχουσα.

167 1062 250 1099 ἀλλ’
275 1062 337 1100 ε’ίτι
366 1063 496 1113 χαίρεις
525 1066 700 1101 κοινωνῶν
728 1063 856 1102 δικαιος
881 1066 910 1100 εἰ
933 1063 1051 1114 φιλοις
1075 1060 1225 1111 ἀνδράσι
1248 1065 1309 1099 τοῦ
1335 1060 1529 1111 ζητήματος
1554 1064 1773 1109 μεταδοῦναι.
1810 1062 1899 1099 οὕτω

167 1135 236 1167 γαρ
252 1117 309 1155 διὰ
328 1117 448 1167 λόγων
463 1117 594 1166 ηδων
575 1124 617 1156 ὰν
637 1118 810 1166 ἀλληλοις
829 1135 869 1156 το
890 1117 1016 1156 λοιπὸν
1035 1135 1096 1186 τηῖςἱ
1116 1117 1244 1166 ἡμερας
1264 1120 1438 1165 συνῶμεν.
1468 1115 1667 1165 ἐβουλόμην
1682 1121 1709 1154 ὠ
1723 1115 1899 1165 τιμόκλεις

166 1189 290 1243 ωσπερ
310 1173 459 1222 ηγοῦμαι
477 1172 598 1223 ῥοίδιον
615 1172 656 1212 τὸ
675 1176 811 1222 μαθεῖν·
836 1171 974 1213 εὐπετὲς
993 1171 1035 1210 ἂν
1055 1173 1143 1210 εἶναί
1159 1186 1230 1210 σοι·
1259 1177 1280 1220 ἠ
1300 1171 1370 1222 γὰρ
1390 1172 1501 1221 ε”γωγε
1520 1172 1603 1220 ἡδύς
1617 1189 1653 1210 τε
1675 1190 1730 1210 και
1751 1171 1898 1224 φαιδρὸς

167 1227 210 1266 ἂν
229 1233 284 1277 ἠν·
316 1228 450 1266 οὐδὲν
433 1246 470 1266 εν
494 1232 565 1269 τοῖς
588 1229 794 1278 προσώποις
818 1245 1036 1276 συνεστηκός
1060 1227 1323 1275 ὑποσημαίνων.
1357 1229 1430 1266 νυνὶ
1455 1226 1490 1266 δὲ
1517 1226 1544 1265 ὦ
1569 1227 1703 1278 ἄριστε,
1724 1227 1898 1278 εἰρήσεται

167 1282 236 1351 γὰρ
262 1287 370 1333 σοῦγε
396 1284 551 1322 ἐναντιον
576 1284 760 1332 τάληθη,’
744 1287 835 1322 οκνῶ
860 1301 995 1331 μηποτε
1021 1281 1159 1322 ἐπειδὰν
1186 1286 1233 1323 εἰς
1252 1281 1382 1331 λόγους
1401 1286 1642 1331 καταστῶμεν,
1662 1283 1789 1333 ῥαδίως
1808 1284 1898 1321 οὕτω

166 1356 222 1377 και
242 1338 346 1379 αὐτος
369 1340 444 1387 ἐμοι
465 1338 510 1377 τὰ
530 1339 632 1386 ὅμοια
657 1339 874 1379 πεπονθὼς
860 1356 935 1387 εση,
957 1340 1014 1376 καὶ
1040 1338 1208 1388 δυσχερες
1226 1355 1286 1375 σοι
1305 1337 1365 1386 ἧ“
1348 1355 1427 1377 οποι
1445 1337 1488 1376 ἂν
1508 1340 1554 1379 ὡς
1573 1337 1755 1376 κάλλιστα
1775 1340 1894 1377 ἀπαλ-

166 1397 344 1443 λαγῶμεν.
374 1393 472 1432 ἀλλὰ
497 1399 607 1432 ταῦτα
632 1394 695 1443 μὲν
717 1411 845 1462 μικρον
870 1395 1018 1444 ὕστερον
1044 1394 1222 1442 εἰσόμεθα.
1254 1395 1281 1431 εἰ
1301 1396 1350 1431 τῶ
1371 1393 1444 1431 ὄντι
1464 1395 1581 1442 ἀληθῆ
1601 1393 1792 1443 λεγομεν,
1782 1392 1803 1442 ὴ
1823 1395 1899 1442 ἐμοι

166 1451 275 1490 οὕτως
295 1451 448 1497 ἐπῆλθεν
468 1452 539 1498 εἰκη
559 1451 673 1487 δεῖσαι
692 1449 733 1487 τὸ
753 1449 837 1495 δὲ’
820 1467 887 1499 αρα
906 1467 948 1497 ην
968 1450 1040 1500 οὐχ
1062 1448 1135 1487 οἷον
1154 1448 1255 1498 ἔγωγ’
1278 1447 1457 1487 ὑπενόουν.
1490 1448 1579 1499 ἀτὰρ
1599 1453 1626 1486 ὠ
1644 1449 1811 1495 βελτιστε
1831 1467 1894 1498 με·

165 1504 283 1556 ‘rago'
275 1504 397 1543 ιόντων
416 1506 468 1545 τίς
493 1504 549 1543 ὅδε
576 1507 631 1543 καὶ
657 1505 761 1543 τίνων
787 1506 805 1542 ὁ
833 1519 1026 1545 νεανισκος·
1059 1503 1199 1554 εὐγενὴς
1217 1503 1287 1554 γὰρ
1307 1521 1363 1542 και
1388 1504 1430 1556 ἐξ
1446 1505 1595 1554 εὐγενῶν
1614 1504 1700 1542 ἐοικε
1727 1504 1814 1552 ὅσγε
1839 1522 1897 1552 μοι

165 1561 261 1598 δοκεῖ
283 1564 354 1600 τοῖς
374 1560 441 1611 ἔξω
464 1559 742 1611 τεκμαιρόμενος.
764 1560 857 1598 πάνυ
876 1559 1018 1625 7r6p73w²
1040 1561 1178 1599 πίπτεις
1198 1563 1225 1602 ᾧ
1243 1558 1444 1609 πολύκριτε.
1479 1560 1628 1599 ἀλλ’ὡς
1648 1559 1720 1598 οἶόν
1739 1577 1775 1598 τε
1796 1561 1894 1609 ἀκρι-

164 1616 324 1661 βεστατα
344 1615 600 1666 κατεστοχάσω
620 1620 681 1654 τοῦ
700 1633 887 1666 μειρακιου
912 1616 1035 1654 οὑτοσί
1053 1632 1117 1663 μεν
1135 1632 1189 1653 τοι
1208 1614 1320 1663 ὄνομα
1339 1614 1579 1666 ἀριστόμαχος
1597 1615 1744 1653 ἀλκαίου
1763 1614 1897 1665 πατρὸς

164 1674 352 1721 πολλαχοῦ
381 1670 423 1718 δὴ
452 1672 488 1708 ἐν
515 1688 645 1722 μαχαις
671 1688 845 1720 κρατιστα
873 1670 1178 1719 εὐδοκιμήσαντος.
1211 1687 1267 1708 και
1295 1671 1469 1711 πλείστας
1493 1687 1550 1708 και
1576 1671 1637 1708 οὐκ
1663 1671 1807 1722 ἀφανεῖς
1827 1673 1897 1708 τῶν

165 1729 227 1764 νῦν
251 1725 363 1764 ὄντων
388 1725 570 1775 ἡγεμόνων
595 1727 699 1771 νίκας,
720 1727 1005 1794 διηγωνισμένου,
1025 1725 1133 1764 ἀπότε
1158 1729 1229 1763 τῶν
1255 1726 1291 1764 ἐν
1313 1742 1356 1773 τη
1376 1726 1464 1763 ἀσια
1481 1724 1677 1776 βαρβάρων
1696 1743 1753 1763 και
1772 1729 1842 1763 τῶν
1861 1727 1897 1763 ἐν

164 1783 206 1828 τῆ
233 1781 382 1831 εὑρώπη,
402 1781 539 1829 ὁπόσης
558 1781 657 1829 ἡμῶν
676 1782 696 1829 ἡ
722 1780 827 1821 πόλις
852 1780 960 1831 ἄρχει.
993 1781 1076 1820 ἐνθα
1098 1780 1125 1819 ὦ
1147 1781 1335 1831 πολύκριτε
1358 1784 1429 1819 τῶν
1451 1783 1594 1819 σκυθῶν
1619 1779 1831 1830 ληἰζομενων
1850 1783 1897 1821 ὡς

165 1838 222 1874 καὶ
248 1835 296 1874 σὺ
316 1840 410 1885 οἶμαι
429 1835 536 1875 οἶσθα
554 1854 634 1876 τους
655 1836 740 1887 ὑπερ
756 1836 973 1887 χερῥονησυυ
993 1854 1049 1874 και
1075 1837 1239 1886 περινθου
1259 1835 1390 1886 θράκας
1409 1836 1575 1885 γενναίως
1594 1835 1801 1887 μαχόμενος,
1821 1837 1892 1874 ε’τε-

165 1892 284 1930 λεύτα.
317 1891 375 1930 ἕνα
400 1909 537 1930 τουτονι
561 1894 670 1930 παιδα
695 1891 852 1943 ὀρφανὸν
877 1891 1113 1931 καταλιπὼνῧ.
1144 1891 1190 1932 ε’ίς
1209 1909 1246 1930 τε
1264 1892 1423 1930 παιδείαν
1442 1892 1481 1929 οὐ
1501 1891 1685 1941 παρέργως
1703 1891 1895 1942 πεφυκότα.

208 2001 216 2023 l
242 2004 288 2029 Καὶ
309 2003 420 2037 ἀτεχνῶς
440 2003 527 2038 ὥσπέρ
548 2015 596 2029 τινι
618 2004 693 2029 λυδία
717 2003 836 2037 (omittit
862 2002 939 2030 enlm
962 2003 1009 2031 llic
1051 2004 1100 2029 τινὶ
1120 2004 1329 2038 προστριβομένη
1348 2003 1450 2037 δόκιμον
1471 2002 1485 2036 ἣ
1507 2003 1626 2036 ἀδόκιμον
1647 2003 1767 2029 δείκνυσι.
1811 2002 1895 2035 Quod

166 2043 255 2070 codex
283 2043 373 2070 ubivis
399 2043 457 2070 fere
482 2043 542 2070 iota
563 2044 768 2080 subscriptum)
793 2045 935 2079 προσάγειν
957 2046 1010 2071 τοῖς

165 2085 372 2119 λόγοις-νόθα
400 2084 463 2110 ἅττα
490 2086 710 2119 περιαμπέχουσα.
767 2084 873 2111 Omisit
901 2085 1010 2111 Auctor

166 2125 313 2159 eleganter
334 2125 408 2160 λίθῳ,
424 2130 456 2150 ut
477 2124 524 2151 ille
547 2124 621 2160 apud
645 2124 828 2161 Apostolium
852 2124 1008 2151 Provorbb.

166 2165 232 2192 XII.
249 2166 305 2200 36:
337 2165 415 2190 Λυδία
437 2165 535 2199 ἐλέγξει
556 2166 586 2190 τὸ
607 2165 875 2198 κίβδηλον.-Λει’πει,
894 2166 907 2198 ἡ
927 2166 1007 2192 λίθος·

166 2218 188 2232 κ.
202 2217 225 2232 τ.
237 2207 263 2232 λ
297 2205 345 2232 11111
373 2204 407 2231 de
434 2204 535 2241 adagio
562 2205 679 2232 consule
706 2205 859 2233 Hoeschel.
892 2215 919 2241 p.
941 2224 976 2241 ‚a
964 2213 1008 2240 5.

167 2246 201 2273 cf
215 2245 325 2272 Erasmi
339 2244 453 2282 Adagg.
469 2254 496 2281 p.
507 2253 573 2280 429-
596 2245 633 2271 W
636 2251 726 2272 arton.
738 2246 772 2272 ad
784 2246 928 2273 Theomit.
940 2246 1008 2273 XII.

167 2288 215 2321 30.
232 2292 261 2313 et
277 2286 321 2313 De
337 2268 442 2322 lapide&
452 2284 618 2312 Schneider.
635 2285 670 2312 ad
685 2286 876 2322 Theophrasti
896 2286 957 2314 libr.
974 2286 1009 2314 de

166 2326 281 2363 lapidib.
295 2335 322 2361 4.
338 2336 365 2362 p.
377 2335 445 2361 54¹-
459 2335 501 2361 sq.
546 2325 681 2352 Clemens
697 2326 776 2353 Alex.
794 2326 929 2354 Stromm.
947 2327 967 2353 I.
980 2336 1007 2363 9.

166 2377 194 2404 p.
211 2376 278 2402 342.
295 2366 414 2393 Potter:
438 2366 508 2399 δίκην
529 2367 573 2398 τῆς
593 2367 710 2397 βασάνου
730 2367 813 2397 λίθου,
830 2368 860 2400 ἥδ
884 2367 975 2403 (Syll).
996 2368 1008 2400 ἡ

166 2408 200 2439 δ’)
221 2409 278 2433 ἔστι
296 2407 373 2440 Λυδὴ,
389 2407 522 2441 διακρίνειν
543 2408 728 2439 πεπιστευμένη
750 2408 779 2432 τὸ
801 2408 874 2433 νόθον
893 2408 943 2433 ἀπὸ
964 2410 1009 2434 τοῦ

166 2449 298 2483 ι’θογενοῦς
312 2448 430 2481 χρυσίου,
443 2446 471 2473 in
489 2446 593 2482 quibus
608 2446 702 2473 verbis
718 2446 766 2473 illa
782 2447 905 2480 ἡ-Αυδὴ
921 2448 1008 2475 inter-

166 2487 339 2524 pretanienti
361 2487 487 2523 speciem
503 2486 619 2513 babent.
664 2486 748 2513 Certe
770 2487 830 2514 haec
852 2497 910 2514 non
933 2488 1007 2515 desi-

166 2529 302 2556 derantur
317 2534 381 2564 post
396 2527 596 2563 praecedentia.
632 2526 696 2553 Vid.
713 2533 742 2554 et
757 2526 835 2554 Suid.
852 2528 881 2555 in
895 2529 1009 2559 βάσανος

165 2571 237 2596 λίθος
262 2569 298 2603 (l.
323 2578 349 2604 p.
366 2568 433 2602 4¹8.
451 2567 556 2599 linat).
600 2567 709 2593 Contra
729 2573 816 2603 atque
838 2568 944 2595 Noster
960 2574 1008 2595 Λυ-

165 2611 206 2635 δία
231 2609 290 2636 sivo
314 2609 381 2641 Λυδὴ
404 2607 511 2635 omittit
532 2607 734 2634 'l‘hcodoretus
756 2608 837 2635 Orat.
861 2608 896 2635 de
920 2609 1008 2636 divin.

166 2650 294 2681 caritate,
317 2658 344 2685 p.
368 2648 449 2683 1296.
472 2647 601 2674 Schulz.:

165 2691 262 2716 ἅπαντα
281 2692 326 2716 τὸν
344 2690 558 2724 προσφερόμενον
573 2689 710 2714 διιπιινῶσιι
729 2689 741 2721 7'7
760 2689 840 2721 λίθος,
857 2688 913 2715 ἀλλ’
931 2689 1010 2725 ὀλίγῳ

636 2649 675 2673 καὶ
699 2649 748 2682 γὰρ
774 2649 817 2674 τὸν
841 2650 939 2683 χρυσὸν
962 2650 1010 2684 οὐχ

1051 2053 1137 2079 snpra
1158 2044 1187 2070 in
1208 2044 1263 2070 hoc
1283 2043 1395 2080 dialogo
1416 2043 1538 2080 legimus
1555 2044 1648 2069 πολιὰν
1663 2044 1749 2077 δόξαν,
1765 2043 1896 2069 similiter

1051 2084 1174 2111 Basilius
1191 2084 1298 2111 Homil.
1315 2084 1350 2110 de
1372 2084 1440 2110 hon.
1455 2093 1515 2120 par.
1532 2091 1637 2120 p.415.
1652 2083 1722 2110 dixit
1736 2085 1814 2109 πολιὰ
1830 2085 1894 2117 φρό-

1052 2136 1131 2157 νησις.
1162 2124 1228 2152 Vid.
1245 2123 1415 2151 Boissonad.
1431 2124 1583 2151 Anecdott.
1600 2126 1663 2150 (J'rr.
1679 2133 1707 2160 p.
1723 2131 1767 2159 75.
1782 2134 1822 2159 sq.

1090 2164 1103 2184 ⁴3
1127 2164 1219 2192 Fort.:
1243 2167 1296 2192 τοῖς
1317 2166 1365 2199 ἔξω
1386 2165 1580 2201 τεκμαιρομένῳ·
1608 2165 1637 2191 οὐ
1659 2165 1723 2191 πάνυ
1745 2164 1830 2199 πύῤῥω
1852 2164 1894 2189 πί-

1050 2217 1129 2232 πΤΕίς.

1090 2244 1104 2265 3
1135 2246 1318 2282 Conjecturae:
1347 2245 1384 2272 H.
1413 2245 1529 2276 Amatii,
1560 2244 1608 2281 qui
1639 2245 1666 2271 h.
1690 2245 1706 2271 l.
1736 2245 1892 2281 Nicephori

1052 2286 1178 2313 Chumni
1200 2286 1289 2312 fili'um
1312 2291 1507 2322 nepotemque
1533 2285 1686 2323 significari
1708 2291 1800 2321 putat,
1825 2285 1893 2319 (vid.

1053 2326 1166 2353 Praefat.
1190 2326 1225 2353 ad
1248 2327 1324 2353 hunc
1347 2326 1506 2363 dialogum)
1532 2331 1694 2362 temporum
1720 2332 1797 2352 certe
1821 2326 1893 2351 ratio

1051 2376 1108 2394 non
1126 2367 1230 2394 obstat.
1274 2367 1350 2393 Nam
1366 2367 1419 2393 etsi
1440 2376 1546 2393 annum
1563 2366 1638 2393 illius
1654 2365 1769 2393 fatalem
1787 2366 1894 2403 ignosci

1051 2408 1120 2435 dicit
1146 2413 1247 2434 auctor
1269 2407 1442 2443 Appendicis
1468 2407 1503 2434 ad
1526 2407 1655 2433 Caveum
1681 2406 1714 2433 de
1742 2407 1893 2442 Scriptorr.

1051 2448 1175 2475 an-less.
1192 2457 1217 2484 p.
1232 2457 1277 2482 24.
1295 2448 1338 2475 ed.
1355 2447 1461 2474 Oxon.:
1485 2453 1581 2474 tamen
1599 2452 1677 2473 certo
1692 2452 1814 2476 constat,
1829 2456 1893 2472 eum

1050 2488 1139 2515 vitam
1168 2488 1197 2514 111
1227 2494 1383 2515 extremam
1411 2497 1500 2523 usqne
1526 2493 1704 2514 senectutem
1732 2487 1893 2513 extraxisse.

1052 2529 1103 2555 Illa
1119 2529 1206 2562 igitur
1220 2531 1386 2565 conjectura
1402 2538 1452 2564 pro
1467 2527 1655 2554 fundamento
1671 2527 1772 2562 posita,
1786 2526 1813 2553 111
1830 2536 1893 2553 ver-

1052 2569 1094 2596 bis
1116 2572 1166 2595 τῶν
1188 2570 1214 2595 ἐν
1235 2572 1265 2601 τῇ
1283 2569 1356 2603 Ἀσίᾳ
1378 2569 1515 2602 βαρβάρων
1537 2566 1681 2604 cogitandi
1703 2573 1768 2593 sunt
1783 2567 1892 2596 ancae,

1053 2610 1100 2645 qui
1117 2609 1183 2636 inde
1199 2619 1216 2636 a
1231 2609 1335 2636 saeculo
1350 2608 1430 2635 XIV.
1444 2609 1562 2635 incunte
1575 2617 1625 2643 per
1637 2606 1735 2633 Asiam
1753 2607 1892 2633 minorem

1052 2650 1080 2677 in
1097 2650 1156 2677 dies
1171 2650 1262 2687 magis
1278 2649 1423 2684 magisque
1443 2648 1634 2678 invaluerant,
1652 2653 1681 2673 ut
1699 2647 1805 2673 Graecis
1822 2648 1893 2673 111111-

1052 2696 1096 2717 tos
1112 2700 1162 2726 per
1178 2699 1268 2716 annos
1287 2699 1352 2716 curn
1373 2689 1406 2715 iis
1422 2688 1609 2724 proeliandum
1631 2693 1705 2714 essct
1722 2687 1893 2723 (Niceplwr.

1103 2740 1122 2767 5
1148 2743 1170 2766 F
1196 2739 1215 2757 0

1194 2758 1215 2767 a
